<?xml version="1.0" encoding="UTF-8"?>
<!DOCTYPE html PUBLIC "-//W3C//DTD XHTML 1.0 Transitional//EN"
    "http://www.w3.org/TR/xhtml1/DTD/xhtml1-transitional.dtd">
<html xmlns="http://www.w3.org/1999/xhtml" xml:lang="en" lang="en">
 <head>
  <title>
</title>
<meta http-equiv="Content-Type" content="text/html;charset=utf-8" />
  <meta name='ocr-system' content='tesseract 3.04.00' />
  <meta name='ocr-capabilities' content='ocr_page ocr_carea ocr_par ocr_line ocrx_word'/>
</head>
<body>
  <div class='ocr_page' id='page_1' title='image "./coleccindeautor00andrgoog_0034.png"; bbox 0 0 2282 3558; ppageno 0'>
   <div class='ocr_carea' id='block_1_1' title="bbox 244 352 1012 604">
    <p class='ocr_par' dir='ltr' id='par_1_1' title="bbox 244 352 1012 604">
     <span class='ocr_line' id='line_1_1' title="bbox 245 352 1012 428; baseline 0.009 -19"><span class='ocrx_word' id='word_1_1' title='bbox 245 354 358 426; x_wconf 75' lang='lat' dir='ltr'>pinquis</span> <span class='ocrx_word' id='word_1_2' title='bbox 382 355 440 426; x_wconf 83' lang='lat' dir='ltr'><strong>ejus</strong></span> <span class='ocrx_word' id='word_1_3' title='bbox 459 353 579 424; x_wconf 89' lang='lat' dir='ltr'><strong>spatium</strong></span> <span class='ocrx_word' id='word_1_4' title='bbox 601 354 693 424; x_wconf 88' lang='lat' dir='ltr'><strong>datur,</strong></span> <span class='ocrx_word' id='word_1_5' title='bbox 710 367 761 410; x_wconf 85' lang='lat' dir='ltr'><strong>noe</strong></span> <span class='ocrx_word' id='word_1_6' title='bbox 781 352 900 412; x_wconf 89' lang='lat' dir='ltr'><strong>tribunis</strong></span> <span class='ocrx_word' id='word_1_7' title='bbox 923 357 1012 428; x_wconf 89' lang='lat' dir='ltr'><strong>plebis</strong></span> 
     </span>
     <span class='ocr_line' id='line_1_2' title="bbox 244 439 1010 516; baseline 0.008 -20"><span class='ocrx_word' id='word_1_8' title='bbox 244 441 290 498; x_wconf 87' lang='lat' dir='ltr'><strong>sui</strong></span> <span class='ocrx_word' id='word_1_9' title='bbox 303 440 418 513; x_wconf 89' lang='lat' dir='ltr'><strong>periculi</strong></span> <span class='ocrx_word' id='word_1_10' title='bbox 435 439 611 512; x_wconf 86' lang='lat' dir='ltr'><strong>deprecandi,</strong></span> <span class='ocrx_word' id='word_1_11' title='bbox 630 455 720 512; x_wconf 88' lang='lat' dir='ltr'><strong>neque</strong></span> <span class='ocrx_word' id='word_1_12' title='bbox 740 440 823 496; x_wconf 87' lang='lat' dir='ltr'><strong>etiam</strong></span> <span class='ocrx_word' id='word_1_13' title='bbox 836 445 1010 516; x_wconf 82' lang='lat' dir='ltr'><strong>extremiju·</strong></span> 
     </span>
     <span class='ocr_line' id='line_1_3' title="bbox 245 527 1012 604; baseline 0.009 -20"><span class='ocrx_word' id='word_1_14' title='bbox 245 529 285 586; x_wconf 81' lang='lat' dir='ltr'><strong>ris</strong></span> <span class='ocrx_word' id='word_1_15' title='bbox 298 528 490 587; x_wconf 77' lang='lat' dir='ltr'><strong>intercessione</strong></span> <span class='ocrx_word' id='word_1_16' title='bbox 501 527 648 595; x_wconf 90' lang='lat' dir='ltr'><strong>retinendi,</strong></span> <span class='ocrx_word' id='word_1_17' title='bbox 660 527 735 600; x_wconf 83' lang='lat' dir='ltr'><strong>qubd</strong></span> <span class='ocrx_word' id='word_1_18' title='bbox 752 531 784 584; x_wconf 87' lang='lat' dir='ltr'><strong>L.</strong></span> <span class='ocrx_word' id='word_1_19' title='bbox 799 530 875 600; x_wconf 83' lang='lat' dir='ltr'><strong>Sylla</strong></span> <span class='ocrx_word' id='word_1_20' title='bbox 892 532 1012 604; x_wconf 85' lang='lat' dir='ltr'><strong>relique·</strong></span> 
     </span>
    </p>
   </div>
   <div class='ocr_carea' id='block_1_2' title="bbox 154 613 1009 692">
    <p class='ocr_par' dir='ltr' id='par_1_2' title="bbox 154 613 1009 692">
     <span class='ocr_line' id='line_1_4' title="bbox 154 613 1009 692; baseline 0.005 -20"><span class='ocrx_word' id='word_1_21' title='bbox 154 631 160 640; x_wconf 83' lang='lat'>·</span> <span class='ocrx_word' id='word_1_22' title='bbox 244 620 300 684; x_wconf 80' lang='lat' dir='ltr'><strong>rat3</strong></span> <span class='ocrx_word' id='word_1_23' title='bbox 319 616 432 674; x_wconf 75' lang='lat' dir='ltr'><strong>facultas</strong></span> <span class='ocrx_word' id='word_1_24' title='bbox 452 613 593 682; x_wconf 79' lang='lat' dir='ltr'><strong>tribuitnr3</strong></span> <span class='ocrx_word' id='word_1_25' title='bbox 613 615 660 672; x_wconf 86' lang='lat' dir='ltr'><strong>sed</strong></span> <span class='ocrx_word' id='word_1_26' title='bbox 678 615 714 672; x_wconf 91' lang='lat' dir='ltr'><strong>de</strong></span> <span class='ocrx_word' id='word_1_27' title='bbox 728 617 778 672; x_wconf 76' lang='lat' dir='ltr'><strong>sna</strong></span> <span class='ocrx_word' id='word_1_28' title='bbox 792 617 935 677; x_wconf 84' lang='lat' dir='ltr'><strong>salutedie</strong></span> <span class='ocrx_word' id='word_1_29' title='bbox 948 635 1009 692; x_wconf 84' lang='lat' dir='ltr'><strong>scp-</strong></span> 
     </span>
    </p>
   </div>
   <div class='ocr_carea' id='block_1_3' title="bbox 229 701 1009 3148">
    <p class='ocr_par' dir='ltr' id='par_1_3' title="bbox 235 701 1009 2443">
     <span class='ocr_line' id='line_1_5' title="bbox 243 701 1009 776; baseline 0.008 -18"><span class='ocrx_word' id='word_1_30' title='bbox 243 702 313 763; x_wconf 77' lang='lat' dir='ltr'><strong>timt</strong></span> <span class='ocrx_word' id='word_1_31' title='bbox 327 703 446 776; x_wconf 82' lang='lat' dir='ltr'><strong>cogitare</strong></span> <span class='ocrx_word' id='word_1_32' title='bbox 464 709 609 774; x_wconf 82' lang='lat' dir='ltr'><strong>coguntur,-</strong></span> <span class='ocrx_word' id='word_1_33' title='bbox 632 701 704 774; x_wconf 75' lang='lat' dir='ltr'><strong>quod</strong></span> <span class='ocrx_word' id='word_1_34' title='bbox 719 702 758 758; x_wconf 91' lang='lat' dir='ltr'><strong>illi</strong></span> <span class='ocrx_word' id='word_1_35' title='bbox 776 705 1009 764; x_wconf 74' lang='lat' dir='ltr'><strong>turbulentissimi</strong></span> 
     </span>
     <span class='ocr_line' id='line_1_6' title="bbox 242 790 1009 864; baseline 0.003 -16"><span class='ocrx_word' id='word_1_36' title='bbox 242 791 432 864; x_wconf 86' lang='lat' dir='ltr'><strong>superioribus</strong></span> <span class='ocrx_word' id='word_1_37' title='bbox 451 790 619 862; x_wconf 82' lang='lat' dir='ltr'><strong>temporibus</strong></span> <span class='ocrx_word' id='word_1_38' title='bbox 637 791 741 852; x_wconf 84' lang='lat' dir='ltr'><strong>tribuni</strong></span> <span class='ocrx_word' id='word_1_39' title='bbox 758 792 794 863; x_wconf 88' lang='lat' dir='ltr'><strong>pl.</strong></span> <span class='ocrx_word' id='word_1_40' title='bbox 815 799 910 849; x_wconf 80' lang='lat' dir='ltr'><strong>cctam</strong></span> <span class='ocrx_word' id='word_1_41' title='bbox 930 793 1009 850; x_wconf 88' lang='lat' dir='ltr'><strong>deni·</strong></span> 
     </span>
     <span class='ocr_line' id='line_1_7' title="bbox 243 878 1006 952; baseline 0.005 -16"><span class='ocrx_word' id='word_1_42' title='bbox 243 896 299 952; x_wconf 88' lang='lat' dir='ltr'><strong>que</strong></span> <span class='ocrx_word' id='word_1_43' title='bbox 318 895 412 938; x_wconf 88' lang='lat' dir='ltr'><strong>mense</strong></span> <span class='ocrx_word' id='word_1_44' title='bbox 427 895 541 936; x_wconf 88' lang='lat' dir='ltr'><strong>suarum</strong></span> <span class='ocrx_word' id='word_1_45' title='bbox 556 878 696 936; x_wconf 86' lang='lat' dir='ltr'><strong>actionum</strong></span> <span class='ocrx_word' id='word_1_46' title='bbox 711 878 847 950; x_wconf 78' lang='lat' dir='ltr'><strong>respicere</strong></span> <span class='ocrx_word' id='word_1_47' title='bbox 861 880 1006 940; x_wconf 85' lang='lat' dir='ltr'><strong>aetimare</strong></span> 
     </span>
     <span class='ocr_line' id='line_1_8' title="bbox 241 964 1005 1042; baseline 0.003 -20"><span class='ocrx_word' id='word_1_48' title='bbox 241 973 452 1042; x_wconf 83' lang='lat' dir='ltr'><strong>consueverant.</strong></span> <span class='ocrx_word' id='word_1_49' title='bbox 471 965 636 1023; x_wconf 83' lang='lat' dir='ltr'><strong>Decurritnr</strong></span> <span class='ocrx_word' id='word_1_50' title='bbox 657 965 693 1022; x_wconf 91' lang='lat' dir='ltr'><strong>ad</strong></span> <span class='ocrx_word' id='word_1_51' title='bbox 709 964 776 1024; x_wconf 88' lang='lat' dir='ltr'><strong>illud</strong></span> <span class='ocrx_word' id='word_1_52' title='bbox 790 973 947 1026; x_wconf 77' lang='lat' dir='ltr'><strong>caucinum</strong></span> <span class='ocrx_word' id='word_1_53' title='bbox 960 973 1005 1026; x_wconf 88' lang='lat' dir='ltr'><strong>at·</strong></span> 
     </span>
     <span class='ocr_line' id='line_1_9' title="bbox 240 1053 1004 1126; baseline 0.007 -16"><span class='ocrx_word' id='word_1_54' title='bbox 240 1070 297 1126; x_wconf 78' lang='lat' dir='ltr'><strong>que</strong></span> <span class='ocrx_word' id='word_1_55' title='bbox 313 1055 442 1112; x_wconf 90' lang='lat' dir='ltr'><strong>ultimum</strong></span> <span class='ocrx_word' id='word_1_56' title='bbox 460 1056 489 1112; x_wconf 88' lang='lat' dir='ltr'><strong>S.</strong></span> <span class='ocrx_word' id='word_1_57' title='bbox 510 1057 555 1125; x_wconf 91' lang='lat' dir='ltr'><strong>C.,</strong></span> <span class='ocrx_word' id='word_1_58' title='bbox 572 1054 637 1126; x_wconf 86' lang='lat' dir='ltr'><strong>qub,</strong></span> <span class='ocrx_word' id='word_1_59' title='bbox 654 1053 708 1110; x_wconf 88' lang='lat' dir='ltr'><strong>nisi</strong></span> <span class='ocrx_word' id='word_1_60' title='bbox 722 1056 793 1125; x_wconf 77' lang='lat' dir='ltr'><strong>pene</strong></span> <span class='ocrx_word' id='word_1_61' title='bbox 806 1053 836 1110; x_wconf 92' lang='lat' dir='ltr'><strong>in</strong></span> <span class='ocrx_word' id='word_1_62' title='bbox 852 1054 911 1126; x_wconf 90' lang='lat' dir='ltr'><strong>ipsc</strong></span> <span class='ocrx_word' id='word_1_63' title='bbox 928 1055 1004 1116; x_wconf 86' lang='lat' dir='ltr'><strong>urbis</strong></span> 
     </span>
     <span class='ocr_line' id='line_1_10' title="bbox 241 1140 1006 1214; baseline 0.004 -17"><span class='ocrx_word' id='word_1_64' title='bbox 241 1140 370 1200; x_wconf 87' lang='lat' dir='ltr'><strong>incendio</strong></span> <span class='ocrx_word' id='word_1_65' title='bbox 389 1149 472 1212; x_wconf 90' lang='lat' dir='ltr'><strong>atque</strong></span> <span class='ocrx_word' id='word_1_66' title='bbox 493 1141 684 1213; x_wconf 78' lang='lat' dir='ltr'><strong>desperatione</strong></span> <span class='ocrx_word' id='word_1_67' title='bbox 699 1140 823 1197; x_wconf 89' lang='lat' dir='ltr'><strong>omnium</strong></span> <span class='ocrx_word' id='word_1_68' title='bbox 843 1143 1006 1214; x_wconf 73' lang='lat' dir='ltr'><strong>salutiqla·</strong></span> 
     </span>
     <span class='ocr_line' id='line_1_11' title="bbox 240 1228 1003 1300; baseline 0.003 -14"><span class='ocrx_word' id='word_1_69' title='bbox 240 1235 336 1286; x_wconf 81' lang='lat' dir='ltr'><strong>torum</strong></span> <span class='ocrx_word' id='word_1_70' title='bbox 367 1229 491 1298; x_wconf 82' lang='lat' dir='ltr'><strong>audaciai,</strong></span> <span class='ocrx_word' id='word_1_71' title='bbox 520 1244 665 1300; x_wconf 88' lang='lat' dir='ltr'><strong>nunquam</strong></span> <span class='ocrx_word' id='word_1_72' title='bbox 691 1236 755 1286; x_wconf 84' lang='lat' dir='ltr'><strong>aute</strong></span> <span class='ocrx_word' id='word_1_73' title='bbox 781 1228 927 1286; x_wconf 85' lang='lat' dir='ltr'><strong>discessum</strong></span> <span class='ocrx_word' id='word_1_74' title='bbox 951 1239 1003 1290; x_wconf 83' lang='lat' dir='ltr'><strong>est:</strong></span> 
     </span>
     <span class='ocr_line' id='line_1_12' title="bbox 245 1315 1006 1390; baseline 0.001 -17"><span class='ocrx_word' id='word_1_75' title='bbox 245 1320 335 1373; x_wconf 77' lang='lat' dir='ltr'><strong>«Dent</strong></span> <span class='ocrx_word' id='word_1_76' title='bbox 349 1332 461 1389; x_wconf 85' lang='lat' dir='ltr'><strong>operam</strong></span> <span class='ocrx_word' id='word_1_77' title='bbox 471 1317 604 1384; x_wconf 85' lang='lat' dir='ltr'><strong>consules,</strong></span> <span class='ocrx_word' id='word_1_78' title='bbox 614 1323 750 1387; x_wconf 76' lang='lat' dir='ltr'><strong>pretores,</strong></span> <span class='ocrx_word' id='word_1_79' title='bbox 768 1315 872 1374; x_wconf 87' lang='lat' dir='ltr'><strong>tribuni</strong></span> <span class='ocrx_word' id='word_1_80' title='bbox 884 1318 933 1388; x_wconf 81' lang='lat' dir='ltr'><strong>pl,</strong></span> <span class='ocrx_word' id='word_1_81' title='bbox 944 1319 1006 1390; x_wconf 78' lang='lat' dir='ltr'><strong>qni·</strong></span> 
     </span>
     <span class='ocr_line' id='line_1_13' title="bbox 239 1402 1003 1479; baseline 0.003 -17"><span class='ocrx_word' id='word_1_82' title='bbox 239 1421 297 1476; x_wconf 87' lang='lat' dir='ltr'><strong>que</strong></span> <span class='ocrx_word' id='word_1_83' title='bbox 311 1421 361 1477; x_wconf 86' lang='lat' dir='ltr'><strong>pro</strong></span> <span class='ocrx_word' id='word_1_84' title='bbox 375 1402 529 1460; x_wconf 86' lang='lat' dir='ltr'><strong>oonsulibus</strong></span> <span class='ocrx_word' id='word_1_85' title='bbox 543 1410 606 1460; x_wconf 88' lang='lat' dir='ltr'><strong>sunt</strong></span> <span class='ocrx_word' id='word_1_86' title='bbox 623 1403 658 1460; x_wconf 92' lang='lat' dir='ltr'><strong>ad</strong></span> <span class='ocrx_word' id='word_1_87' title='bbox 672 1405 780 1472; x_wconf 87' lang='lat' dir='ltr'><strong>urbem,</strong></span> <span class='ocrx_word' id='word_1_88' title='bbox 796 1420 832 1461; x_wconf 91' lang='lat' dir='ltr'><strong>ne</strong></span> <span class='ocrx_word' id='word_1_89' title='bbox 846 1405 913 1476; x_wconf 88' lang='lat' dir='ltr'><strong>quid</strong></span> <span class='ocrx_word' id='word_1_90' title='bbox 928 1422 1003 1479; x_wconf 90' lang='lat' dir='ltr'><strong>resp.</strong></span> 
     </span>
     <span class='ocr_line' id='line_1_14' title="bbox 240 1491 1004 1565; baseline 0.007 -15"><span class='ocrx_word' id='word_1_91' title='bbox 240 1492 400 1550; x_wconf 85' lang='lat' dir='ltr'><strong>detrimenti</strong></span> <span class='ocrx_word' id='word_1_92' title='bbox 420 1491 535 1564; x_wconf 86' lang='lat' dir='ltr'><strong>capiat.»</strong></span> <span class='ocrx_word' id='word_1_93' title='bbox 557 1495 621 1549; x_wconf 86' lang='lat' dir='ltr'><strong>Haec</strong></span> <span class='ocrx_word' id='word_1_94' title='bbox 638 1493 667 1550; x_wconf 88' lang='lat' dir='ltr'><strong>S.</strong></span> <span class='ocrx_word' id='word_1_95' title='bbox 689 1495 721 1550; x_wconf 89' lang='lat' dir='ltr'><strong>C.</strong></span> <span class='ocrx_word' id='word_1_96' title='bbox 735 1493 949 1565; x_wconf 77' lang='lat' dir='ltr'><strong>proscribuntur</strong></span> <span class='ocrx_word' id='word_1_97' title='bbox 966 1497 1004 1554; x_wconf 93' lang='lat' dir='ltr'><strong>ad</strong></span> 
     </span>
     <span class='ocr_line' id='line_1_15' title="bbox 241 1579 1001 1654; baseline 0.008 -18"><span class='ocrx_word' id='word_1_98' title='bbox 241 1580 388 1652; x_wconf 89' lang='lat' dir='ltr'><strong>septimum</strong></span> <span class='ocrx_word' id='word_1_99' title='bbox 404 1580 445 1637; x_wconf 91' lang='lat' dir='ltr'><strong>ld.</strong></span> <span class='ocrx_word' id='word_1_100' title='bbox 464 1579 598 1636; x_wconf 81' lang='lat' dir='ltr'><strong>ianuarii.</strong></span> <span class='ocrx_word' id='word_1_101' title='bbox 624 1583 730 1650; x_wconf 87' lang='lat' dir='ltr'><strong>Itaque,</strong></span> <span class='ocrx_word' id='word_1_102' title='bbox 755 1579 879 1653; x_wconf 90' lang='lat' dir='ltr'><strong>quinque</strong></span> <span class='ocrx_word' id='word_1_103' title='bbox 901 1583 1001 1654; x_wconf 87' lang='lat' dir='ltr'><strong>primis</strong></span> 
     </span>
     <span class='ocr_line' id='line_1_16' title="bbox 240 1668 1001 1741; baseline 0.003 -15"><span class='ocrx_word' id='word_1_104' title='bbox 240 1669 337 1727; x_wconf 90' lang='lat' dir='ltr'><strong>diebus</strong></span> <span class='ocrx_word' id='word_1_105' title='bbox 358 1668 456 1741; x_wconf 89' lang='lat' dir='ltr'><strong>quibus</strong></span> <span class='ocrx_word' id='word_1_106' title='bbox 475 1668 573 1725; x_wconf 90' lang='lat' dir='ltr'><strong>haberi</strong></span> <span class='ocrx_word' id='word_1_107' title='bbox 588 1675 698 1726; x_wconf 85' lang='lat' dir='ltr'><strong>senatus</strong></span> <span class='ocrx_word' id='word_1_108' title='bbox 716 1669 884 1741; x_wconf 66' lang='lat' dir='ltr'><strong>potuitque</strong></span> <span class='ocrx_word' id='word_1_109' title='bbox 903 1687 936 1726; x_wconf 85' lang='lat' dir='ltr'><strong>ex</strong></span> <span class='ocrx_word' id='word_1_110' title='bbox 952 1671 1001 1730; x_wconf 91' lang='lat' dir='ltr'><strong>die</strong></span> 
     </span>
     <span class='ocr_line' id='line_1_17' title="bbox 239 1755 1002 1828; baseline 0.001 -14"><span class='ocrx_word' id='word_1_111' title='bbox 239 1760 410 1815; x_wconf 88' lang='lat' dir='ltr'><strong>consulatum</strong></span> <span class='ocrx_word' id='word_1_112' title='bbox 423 1756 485 1812; x_wconf 91' lang='lat' dir='ltr'><strong>iniit</strong></span> <span class='ocrx_word' id='word_1_113' title='bbox 502 1757 641 1824; x_wconf 85' lang='lat' dir='ltr'><strong>Lentulus,</strong></span> <span class='ocrx_word' id='word_1_114' title='bbox 653 1755 738 1812; x_wconf 89' lang='lat' dir='ltr'><strong>biduo</strong></span> <span class='ocrx_word' id='word_1_115' title='bbox 754 1765 865 1828; x_wconf 88' lang='lat' dir='ltr'><strong>excepto</strong></span> <span class='ocrx_word' id='word_1_116' title='bbox 879 1758 1002 1816; x_wconf 87' lang='lat' dir='ltr'><strong>comitia·</strong></span> 
     </span>
     <span class='ocr_line' id='line_1_18' title="bbox 238 1842 1001 1916; baseline 0.007 -16"><span class='ocrx_word' id='word_1_117' title='bbox 238 1844 268 1914; x_wconf 91' lang='lat' dir='ltr'><strong>li,</strong></span> <span class='ocrx_word' id='word_1_118' title='bbox 289 1852 317 1902; x_wconf 89' lang='lat' dir='ltr'><strong>et</strong></span> <span class='ocrx_word' id='word_1_119' title='bbox 336 1843 371 1900; x_wconf 90' lang='lat' dir='ltr'><strong>de</strong></span> <span class='ocrx_word' id='word_1_120' title='bbox 384 1843 499 1915; x_wconf 88' lang='lat' dir='ltr'><strong>imperio</strong></span> <span class='ocrx_word' id='word_1_121' title='bbox 513 1842 635 1912; x_wconf 79' lang='lat' dir='ltr'><strong>casaris,</strong></span> <span class='ocrx_word' id='word_1_122' title='bbox 648 1850 676 1898; x_wconf 90' lang='lat' dir='ltr'><strong>et</strong></span> <span class='ocrx_word' id='word_1_123' title='bbox 694 1843 729 1900; x_wconf 93' lang='lat' dir='ltr'><strong>de</strong></span> <span class='ocrx_word' id='word_1_124' title='bbox 743 1844 915 1916; x_wconf 82' lang='lat' dir='ltr'><strong>amplissimis</strong></span> <span class='ocrx_word' id='word_1_125' title='bbox 934 1845 1001 1906; x_wconf 86' lang='lat' dir='ltr'><strong>viris</strong></span> 
     </span>
     <span class='ocr_line' id='line_1_19' title="bbox 239 1932 998 2006; baseline 0.004 -18"><span class='ocrx_word' id='word_1_126' title='bbox 239 1932 464 2005; x_wconf 68' lang='lat' dir='ltr'><strong>tribunusplebis,</strong></span> <span class='ocrx_word' id='word_1_127' title='bbox 478 1932 638 2004; x_wconf 78' lang='lat' dir='ltr'><strong>gravissime</strong></span> <span class='ocrx_word' id='word_1_128' title='bbox 656 1932 885 2006; x_wconf 78' lang='lat' dir='ltr'><strong>acerbissimeque</strong></span> <span class='ocrx_word' id='word_1_129' title='bbox 903 1935 998 1992; x_wconf 85' lang='lat' dir='ltr'><strong>decer·</strong></span> 
     </span>
     <span class='ocr_line' id='line_1_20' title="bbox 236 2018 998 2094; baseline -0.001 -14"><span class='ocrx_word' id='word_1_130' title='bbox 236 2020 323 2080; x_wconf 86' lang='lat' dir='ltr'><strong>nitur.</strong></span> <span class='ocrx_word' id='word_1_131' title='bbox 344 2018 507 2090; x_wconf 81' lang='lat' dir='ltr'><strong>Profugiunt</strong></span> <span class='ocrx_word' id='word_1_132' title='bbox 527 2020 619 2076; x_wconf 88' lang='lat' dir='ltr'><strong>statim</strong></span> <span class='ocrx_word' id='word_1_133' title='bbox 640 2036 674 2077; x_wconf 85' lang='lat' dir='ltr'><strong>ex</strong></span> <span class='ocrx_word' id='word_1_134' title='bbox 688 2020 757 2076; x_wconf 90' lang='lat' dir='ltr'><strong>urbe</strong></span> <span class='ocrx_word' id='word_1_135' title='bbox 777 2019 998 2094; x_wconf 87' lang='lat' dir='ltr'><strong>tribuniplebis,</strong></span> 
     </span>
     <span class='ocr_line' id='line_1_21' title="bbox 237 2108 1000 2182; baseline 0.003 -18"><span class='ocrx_word' id='word_1_136' title='bbox 237 2123 349 2178; x_wconf 84' lang='lat' dir='ltr'><strong>seseque</strong></span> <span class='ocrx_word' id='word_1_137' title='bbox 361 2108 397 2164; x_wconf 90' lang='lat' dir='ltr'><strong>ad</strong></span> <span class='ocrx_word' id='word_1_138' title='bbox 408 2110 542 2164; x_wconf 84' lang='lat' dir='ltr'><strong>Caesarem</strong></span> <span class='ocrx_word' id='word_1_139' title='bbox 556 2109 712 2165; x_wconf 78' lang='lat' dir='ltr'><strong>conterunt.</strong></span> <span class='ocrx_word' id='word_1_140' title='bbox 726 2111 752 2164; x_wconf 88' lang='lat' dir='ltr'><strong>Is</strong></span> <span class='ocrx_word' id='word_1_141' title='bbox 764 2124 796 2165; x_wconf 90' lang='lat' dir='ltr'><strong>eo</strong></span> <span class='ocrx_word' id='word_1_142' title='bbox 807 2117 929 2182; x_wconf 88' lang='lat' dir='ltr'><strong>tempore</strong></span> <span class='ocrx_word' id='word_1_143' title='bbox 937 2117 1000 2168; x_wconf 86' lang='lat' dir='ltr'><strong>erat</strong></span> 
     </span>
     <span class='ocr_line' id='line_1_22' title="bbox 237 2195 1001 2269; baseline 0.005 -18"><span class='ocrx_word' id='word_1_144' title='bbox 237 2195 386 2264; x_wconf 83' lang='lat' dir='ltr'><strong>Ravennae,</strong></span> <span class='ocrx_word' id='word_1_145' title='bbox 407 2197 634 2268; x_wconf 85' lang='lat' dir='ltr'><strong>exspectabatque</strong></span> <span class='ocrx_word' id='word_1_146' title='bbox 651 2195 706 2252; x_wconf 90' lang='lat' dir='ltr'><strong>suis</strong></span> <span class='ocrx_word' id='word_1_147' title='bbox 726 2196 870 2254; x_wconf 81' lang='lat' dir='ltr'><strong>lenissimis</strong></span> <span class='ocrx_word' id='word_1_148' title='bbox 882 2199 1001 2269; x_wconf 89' lang='lat' dir='ltr'><strong>postula·</strong></span> 
     </span>
     <span class='ocr_line' id='line_1_23' title="bbox 236 2281 998 2358; baseline 0.007 -19"><span class='ocrx_word' id='word_1_149' title='bbox 236 2281 272 2339; x_wconf 89' lang='lat' dir='ltr'><strong>tis</strong></span> <span class='ocrx_word' id='word_1_150' title='bbox 291 2297 429 2353; x_wconf 86' lang='lat' dir='ltr'><strong>responsa,</strong></span> <span class='ocrx_word' id='word_1_151' title='bbox 455 2282 478 2339; x_wconf 94' lang='lat' dir='ltr'><strong>si</strong></span> <span class='ocrx_word' id='word_1_152' title='bbox 502 2286 557 2354; x_wconf 81' lang='lat' dir='ltr'><strong>qual</strong></span> <span class='ocrx_word' id='word_1_153' title='bbox 582 2284 727 2342; x_wconf 90' lang='lat' dir='ltr'><strong>hominnm</strong></span> <span class='ocrx_word' id='word_1_154' title='bbox 748 2287 876 2358; x_wconf 83' lang='lat' dir='ltr'><strong>aequitate</strong></span> <span class='ocrx_word' id='word_1_155' title='bbox 898 2301 941 2342; x_wconf 92' lang='lat' dir='ltr'><strong>res</strong></span> <span class='ocrx_word' id='word_1_156' title='bbox 958 2288 998 2350; x_wconf 83' lang='lat' dir='ltr'><strong>ad</strong></span> 
     </span>
     <span class='ocr_line' id='line_1_24' title="bbox 235 2368 565 2443; baseline 0.009 -18"><span class='ocrx_word' id='word_1_157' title='bbox 235 2368 324 2426; x_wconf 88' lang='lat' dir='ltr'><strong>otium</strong></span> <span class='ocrx_word' id='word_1_158' title='bbox 346 2369 445 2426; x_wconf 89' lang='lat' dir='ltr'><strong>deduci</strong></span> <span class='ocrx_word' id='word_1_159' title='bbox 467 2379 565 2443; x_wconf 83' lang='lat' dir='ltr'><strong>posset.</strong></span> 
     </span>
    </p>

    <p class='ocr_par' dir='ltr' id='par_1_4' title="bbox 229 2459 998 3148">
     <span class='ocr_line' id='line_1_25' title="bbox 247 2459 996 2526; baseline 0.003 -10"><span class='ocrx_word' id='word_1_160' title='bbox 247 2491 249 2496; x_wconf 37' lang='lat' dir='ltr'>s</span> <span class='ocrx_word' id='word_1_161' title='bbox 269 2461 340 2518; x_wconf 79' lang='lat' dir='ltr'><strong>Clu.</strong></span> <span class='ocrx_word' id='word_1_162' title='bbox 357 2459 563 2526; x_wconf 84' lang='lat' dir='ltr'><strong>v.-Proximis</strong></span> <span class='ocrx_word' id='word_1_163' title='bbox 578 2460 674 2518; x_wconf 90' lang='lat' dir='ltr'><strong>diebus</strong></span> <span class='ocrx_word' id='word_1_164' title='bbox 693 2462 812 2519; x_wconf 86' lang='lat' dir='ltr'><strong>babetur</strong></span> <span class='ocrx_word' id='word_1_165' title='bbox 826 2469 935 2520; x_wconf 88' lang='lat' dir='ltr'><strong>senatus</strong></span> <span class='ocrx_word' id='word_1_166' title='bbox 946 2478 996 2518; x_wconf 88' lang='lat' dir='ltr'><strong>ex-</strong></span> 
     </span>
     <span class='ocr_line' id='line_1_26' title="bbox 234 2550 996 2625; baseline 0.005 -23"><span class='ocrx_word' id='word_1_167' title='bbox 234 2555 277 2606; x_wconf 87' lang='lat' dir='ltr'><strong>tra</strong></span> <span class='ocrx_word' id='word_1_168' title='bbox 301 2551 409 2608; x_wconf 89' lang='lat' dir='ltr'><strong>urbem:</strong></span> <span class='ocrx_word' id='word_1_169' title='bbox 428 2550 574 2624; x_wconf 86' lang='lat' dir='ltr'><strong>Pompeius</strong></span> <span class='ocrx_word' id='word_1_170' title='bbox 592 2551 687 2608; x_wconf 86' lang='lat' dir='ltr'><strong>eadem</strong></span> <span class='ocrx_word' id='word_1_171' title='bbox 708 2551 764 2618; x_wconf 88' lang='lat' dir='ltr'><strong>illa,</strong></span> <span class='ocrx_word' id='word_1_172' title='bbox 786 2567 846 2625; x_wconf 77' lang='lat' dir='ltr'><strong>qna</strong></span> <span class='ocrx_word' id='word_1_173' title='bbox 862 2567 912 2624; x_wconf 85' lang='lat' dir='ltr'><strong>per</strong></span> <span class='ocrx_word' id='word_1_174' title='bbox 936 2550 996 2608; x_wconf 83' lang='lat' dir='ltr'><strong>Sci·</strong></span> 
     </span>
     <span class='ocr_line' id='line_1_27' title="bbox 232 2636 998 2714; baseline 0.01 -25"><span class='ocrx_word' id='word_1_175' title='bbox 232 2636 344 2706; x_wconf 90' lang='lat' dir='ltr'><strong>pionem</strong></span> <span class='ocrx_word' id='word_1_176' title='bbox 363 2640 528 2704; x_wconf 80' lang='lat' dir='ltr'><strong>ostenderat,</strong></span> <span class='ocrx_word' id='word_1_177' title='bbox 553 2638 618 2714; x_wconf 79' lang='lat' dir='ltr'><strong>agit.</strong></span> <span class='ocrx_word' id='word_1_178' title='bbox 639 2639 755 2694; x_wconf 77' lang='lat' dir='ltr'><strong>Senatus</strong></span> <span class='ocrx_word' id='word_1_179' title='bbox 776 2638 909 2694; x_wconf 82' lang='lat' dir='ltr'><strong>virtutem</strong></span> <span class='ocrx_word' id='word_1_180' title='bbox 923 2654 998 2696; x_wconf 84' lang='lat' dir='ltr'><strong>oons-</strong></span> 
     </span>
     <span class='ocr_line' id='line_1_28' title="bbox 233 2720 996 2794; baseline 0 -18"><span class='ocrx_word' id='word_1_181' title='bbox 233 2720 403 2792; x_wconf 79' lang='lat' dir='ltr'><strong>lamiamque</strong></span> <span class='ocrx_word' id='word_1_182' title='bbox 415 2725 558 2794; x_wconf 86' lang='lat' dir='ltr'><strong>collaudat,</strong></span> <span class='ocrx_word' id='word_1_183' title='bbox 572 2722 662 2793; x_wconf 89' lang='lat' dir='ltr'><strong>copias</strong></span> <span class='ocrx_word' id='word_1_184' title='bbox 671 2739 732 2778; x_wconf 90' lang='lat' dir='ltr'><strong>suas</strong></span> <span class='ocrx_word' id='word_1_185' title='bbox 739 2723 862 2792; x_wconf 85' lang='lat' dir='ltr'><strong>exponit,</strong></span> <span class='ocrx_word' id='word_1_186' title='bbox 875 2723 996 2794; x_wconf 74' lang='lat' dir='ltr'><strong>legiones</strong></span> 
     </span>
     <span class='ocr_line' id='line_1_29' title="bbox 231 2806 992 2882; baseline 0.009 -21"><span class='ocrx_word' id='word_1_187' title='bbox 231 2806 334 2862; x_wconf 88' lang='lat' dir='ltr'><strong>babere</strong></span> <span class='ocrx_word' id='word_1_188' title='bbox 352 2824 409 2864; x_wconf 88' lang='lat' dir='ltr'><strong>sese</strong></span> <span class='ocrx_word' id='word_1_189' title='bbox 431 2817 539 2880; x_wconf 85' lang='lat' dir='ltr'><strong>paratas</strong></span> <span class='ocrx_word' id='word_1_190' title='bbox 556 2811 660 2866; x_wconf 85' lang='lat' dir='ltr'><strong>decem.</strong></span> <span class='ocrx_word' id='word_1_191' title='bbox 688 2812 823 2866; x_wconf 84' lang='lat' dir='ltr'><strong>Praeterea</strong></span> <span class='ocrx_word' id='word_1_192' title='bbox 839 2811 992 2882; x_wconf 74' lang='lat' dir='ltr'><strong>cognitum,</strong></span> 
     </span>
     <span class='ocr_line' id='line_1_30' title="bbox 230 2895 997 2967; baseline 0.005 -16"><span class='ocrx_word' id='word_1_193' title='bbox 230 2902 457 2967; x_wconf 89' lang='lat' dir='ltr'><strong>compertumque</strong></span> <span class='ocrx_word' id='word_1_194' title='bbox 482 2896 542 2965; x_wconf 86' lang='lat' dir='ltr'><strong>sibi,</strong></span> <span class='ocrx_word' id='word_1_195' title='bbox 565 2895 654 2952; x_wconf 89' lang='lat' dir='ltr'><strong>alieno</strong></span> <span class='ocrx_word' id='word_1_196' title='bbox 674 2912 731 2952; x_wconf 93' lang='lat' dir='ltr'><strong>esse</strong></span> <span class='ocrx_word' id='word_1_197' title='bbox 746 2897 841 2954; x_wconf 88' lang='lat' dir='ltr'><strong>animo</strong></span> <span class='ocrx_word' id='word_1_198' title='bbox 859 2897 890 2954; x_wconf 94' lang='lat' dir='ltr'><strong>in</strong></span> <span class='ocrx_word' id='word_1_199' title='bbox 905 2901 997 2955; x_wconf 78' lang='lat' dir='ltr'><strong>Casa-</strong></span> 
     </span>
     <span class='ocr_line' id='line_1_31' title="bbox 230 2982 994 3058; baseline 0.007 -21"><span class='ocrx_word' id='word_1_200' title='bbox 230 2999 290 3040; x_wconf 88' lang='lat' dir='ltr'><strong>rem</strong></span> <span class='ocrx_word' id='word_1_201' title='bbox 311 2982 420 3052; x_wconf 81' lang='lat' dir='ltr'><strong>milites,</strong></span> <span class='ocrx_word' id='word_1_202' title='bbox 440 2999 530 3056; x_wconf 87' lang='lat' dir='ltr'><strong>neque</strong></span> <span class='ocrx_word' id='word_1_203' title='bbox 547 2985 580 3040; x_wconf 88' lang='lat' dir='ltr'><strong>iis</strong></span> <span class='ocrx_word' id='word_1_204' title='bbox 598 2999 674 3055; x_wconf 86' lang='lat' dir='ltr'><strong>pesse</strong></span> <span class='ocrx_word' id='word_1_205' title='bbox 692 2987 862 3058; x_wconf 85' lang='lat' dir='ltr'><strong>persuaderi,</strong></span> <span class='ocrx_word' id='word_1_206' title='bbox 879 2993 910 3040; x_wconf 88' lang='lat' dir='ltr'><strong>ut</strong></span> <span class='ocrx_word' id='word_1_207' title='bbox 927 3001 994 3042; x_wconf 89' lang='lat' dir='ltr'><strong>cnm</strong></span> 
     </span>
     <span class='ocr_line' id='line_1_32' title="bbox 229 3070 995 3148; baseline 0.01 -22"><span class='ocrx_word' id='word_1_208' title='bbox 229 3070 377 3143; x_wconf 78' lang='lat' dir='ltr'><strong>defendant</strong></span> <span class='ocrx_word' id='word_1_209' title='bbox 388 3079 437 3132; x_wconf 88' lang='lat' dir='ltr'><strong>ant</strong></span> <span class='ocrx_word' id='word_1_210' title='bbox 448 3080 605 3145; x_wconf 78' lang='lat' dir='ltr'><strong>seqaaantur.</strong></span> <span class='ocrx_word' id='word_1_211' title='bbox 623 3074 664 3134; x_wconf 87' lang='lat' dir='ltr'><strong>De</strong></span> <span class='ocrx_word' id='word_1_212' title='bbox 678 3074 792 3148; x_wconf 88' lang='lat' dir='ltr'><strong>reliquis</strong></span> <span class='ocrx_word' id='word_1_213' title='bbox 809 3077 893 3136; x_wconf 88' lang='lat' dir='ltr'><strong>rebus</strong></span> <span class='ocrx_word' id='word_1_214' title='bbox 906 3074 942 3130; x_wconf 92' lang='lat' dir='ltr'><strong>ad</strong></span> <span class='ocrx_word' id='word_1_215' title='bbox 953 3090 995 3134; x_wconf 81' lang='lat' dir='ltr'><strong>se·</strong></span> 
     </span>
    </p>
   </div>
   <div class='ocr_carea' id='block_1_4' title="bbox 0 0 1146 3558">
    <p class='ocr_par' dir='ltr' id='par_1_5' title="bbox 0 0 1146 3558">
     <span class='ocr_line' id='line_1_33' title="bbox 0 0 1146 3558; baseline 0 5"><span class='ocrx_word' id='word_1_216' title='bbox 0 0 1146 3558; x_wconf 95' lang='lat' dir='ltr'><strong> </strong></span> 
     </span>
    </p>
   </div>
   <div class='ocr_carea' id='block_1_5' title="bbox 1130 0 1151 1868">
    <p class='ocr_par' dir='ltr' id='par_1_6' title="bbox 1130 0 1151 1868">
     <span class='ocr_line' id='line_1_34' title="bbox 1130 0 1151 1868; baseline 0 0"><span class='ocrx_word' id='word_1_217' title='bbox 1130 0 1151 1868; x_wconf 95' lang='lat' dir='ltr'><strong> </strong></span> 
     </span>
    </p>
   </div>
  </div>
 </body>
</html>
