2272 3564
535 139 694 212 46-

235 279 313 350 ginta
332 273 442 331 talentis
463 269 593 328 aarum
613 278 662 341 est,
689 276 809 342 quantus
830 271 860 326 iu
882 271 994 326 clauom

151 359 152 368 ’
234 369 358 434 sumptus
375 361 462 416 iaetus
479 364 547 416 erat.
567 359 647 413 Hane
663 356 810 428 pecuniam
824 356 898 427 quod
909 356 997 412 suive·

233 465 266 504 re
279 465 336 504 nou
358 454 473 520 poterat,
491 447 520 503 iu
541 445 650 502 vincula
664 443 772 516 portior
787 449 926 513 ooujeotns
939 448 992 512 est,

234 533 328 606 ibique
348 534 423 590 diem
442 533 512 590 obiit
527 547 696 604 supremum.

269 625 342 680 Cau.
355 621 518 691 run-Hic,
542 621 592 678 etsi
607 619 724 678 erimine
738 618 819 676 Pario
829 624 871 674 ert
881 632 993 674 aecusa-

235 718 288 778 tus,
313 717 406 766 tamen
417 709 470 766 alia
484 709 537 766 fuit
554 725 636 768 eausa
649 707 842 766 damnationis.
864 707 994 777 Namque

233 798 425 870 Athenienses,
450 806 561 872 propter
575 798 707 857 Pisistrati
729 795 914 870 tyrannidem,
933 811 994 866 quse

233 886 327 958 paucis
338 886 418 944 anuis
434 889 499 944 ante
513 889 612 958 fuerat,
626 887 753 944 omnium
766 901 880 944 suorum
889 883 994 941 oinium

234 974 387 1044 potentiam
407 974 630 1032 extimasoebaut.
659 973 804 1042 Miltiades,
826 971 942 1028 multum
963 969 994 1026 in

233 1061 357 1132 imperiis
377 1063 635 1134 magistratibusque
656 1071 788 1130 versatus,
804 1077 863 1118 uon
880 1059 991 1116 videba-

233 1153 280 1200 tur
301 1164 376 1218 posse
393 1165 450 1206 esse
463 1151 595 1220 prirutusr
606 1149 755 1219 prasertim
769 1149 834 1205 adm
847 1155 994 1204 oonsuetu·

233 1233 300 1294 dine
311 1236 347 1290 ad
360 1235 470 1306 imperii
483 1237 662 1307 cupiditatem
676 1234 748 1291 trahi
758 1234 908 1290 rideretur.
920 1235 995 1290 Nam

234 1321 406 1390 Chersonesi,
416 1337 512 1378 omnes
526 1321 584 1378 illos
593 1335 660 1391 quos
672 1319 810 1377 habitarat
820 1335 916 1390 annos,
929 1335 995 1392 par·

234 1418 347 1483 petuam
366 1408 524 1467 obtinuerat
553 1406 779 1476 dominationem,
808 1416 996 1482 tyrannusque

235 1497 324 1554 tuerat
330 1496 471 1568 apellatus,
481 1494 631 1568 aedjustns.
640 1495 703 1552 Nou
712 1496 856 1554 eratenim
864 1496 893 1552 ri
904 1512 996 1555 oonse·

218 1591 324 1654 sutus,
343 1584 391 1642 sed
411 1599 524 1642 suorum
539 1585 688 1654 voluntate,
704 1599 820 1656 eamque
834 1591 995 1656 potestatem

233 1669 356 1728 bonitate
366 1669 529 1728 retinuerat.
546 1672 650 1728 Omnes
663 1676 758 1730 autem
774 1678 802 1728 et
816 1671 956 1730 habentur
966 1680 995 1730 ot

233 1759 363 1816 dicuntur
383 1759 504 1831 tyranni,
524 1760 572 1833 qni
588 1767 718 1832 potestate
732 1769 796 1818 suut
813 1764 946 1834 perpetua
963 1761 994 1820 iu

232 1850 266 1905 aa
279 1847 398 1917 ciuitate,
411 1863 471 1920 qua
488 1849 614 1907 libertate
629 1866 676 1908 usa
687 1857 737 1906 est.
752 1850 807 1907 Sed
819 1851 850 1908 in
859 1851 991 1924 Miltiade,

233 1944 292 1994 erat
310 1938 374 1994 oum
392 1953 500 1994 summa
522 1939 689 2010 humanitas,
712 1939 772 1995 tiuu
785 1939 857 1996 mira
869 1940 991 2012 domitas,

232 2033 264 2084 ut
284 2042 365 2084 nemo
380 2033 437 2082 tam
457 2026 574 2084 humilis
587 2035 666 2099 esset,
687 2027 733 2085 oui
744 2043 802 2086 non
814 2028 850 2085 ad
860 2045 925 2086 eum
939 2030 996 2086 udi·

233 2121 277 2170 tus
292 2120 408 2184 pateretr
425 2130 527 2187 magua
543 2117 690 2172 auotoritas
703 2118 777 2187 apud
791 2132 886 2174 omnes
898 2119 994 2175 eivita-

234 2207 284 2268 tes,
295 2199 386 2256 nobile
398 2218 509 2272 nomeu,
523 2204 581 2259 lans
592 2201 633 2259 rei
645 2202 771 2259 militaris
783 2203 914 2257 maxima.
930 2205 995 2260 Heo

233 2289 347 2358 populus
365 2291 522 2361 respiciens,
544 2290 642 2346 maluit
656 2305 722 2346 eum
743 2289 991 2363 innoxium-ploro,

233 2378 317 2446 quant
330 2394 359 2436 se
377 2377 480 2435 diutius
499 2391 555 2433 esse
570 2375 600 2431 in
619 2375 726 2431 timore.
