2282 3558
426 211 586 290 ss-ro-
618 167 620 174 ’

127 349 288 410 exscidium
303 349 406 424 procul
420 349 556 422 obscurae.-
573 349 795 424 uuucjuucaem
810 350 888 408 uoti·
969 365 975 372 ’

122 443 189 510 lem,
202 441 342 514 dlpultale
354 439 471 512 formae,
494 442 652 509 vimentis,
670 457 705 496 ac
721 443 885 513 propinquo

122 529 280 599 consulatu,
297 531 436 602 majorem
451 526 493 583 ad
506 543 586 600 spem
602 529 724 600 commui:
745 543 795 586 uec
808 532 886 586 euim

12 623 13 626 ’
120 619 268 683 occultum,
282 617 354 690 quid
370 621 436 690 post
452 616 510 673 tole
523 619 739 674 matrimonium
755 633 885 690 superes·

119 713 170 765 act.
192 707 310 764 Subibat
329 705 388 761 sine
402 705 487 760 dubio
504 713 786 775 merusrepumntes,
804 705 886 764 ucbe-

119 799 176 850 tem
198 793 366 860 Claudium,
388 797 415 848 et
430 797 516 850 umori
529 793 706 862 deuinctum,
729 791 887 862 multasque
952 781 960 794 ’

119 885 225 938 marles
237 885 328 952 jussu
347 883 519 938 Messaliiam
538 883 680 954 patratas.
703 881 810 936 Rursus
830 879 887 950 ipsa

121 969 239 1024 facilitas
258 969 430 1038 imperatoris
447 969 577 1028 fiduciam
590 969 683 1042 dabat,
700 971 726 1022 ci
740 971 887 1024 atrocitate

123 1060 258 1116 criminis
276 1057 503 1128 praevaluissent,
525 1073 608 1128 posse
622 1059 751 1128 opprimi
773 1056 888 1112 ‹lamma-

125 1152 186 1204 tom
204 1147 360 1216 antequam
374 1160 461 1200 ream.
477 1143 534 1200 Sed
546 1147 578 1199 iu
592 1161 624 1200 ca
635 1133 788 1202 discrimem
804 1149 885 1217 uerti,

123 1237 152 1291 si
163 1233 292 1304 defensio
302 1233 462 1302 audiretur,
474 1236 560 1304 utque
572 1233 692 1310 claussae
702 1249 786 1290 aures
799 1237 886 1292 etiam

123 1323 269 1395 confitenti
277 1321 391 1394 surcul.

158 1413 263 1468 XXIX.
284 1413 327 1466 Ac
342 1409 430 1481 primo
444 1410 571 1468 Callistus
582 1416 641 1484 jam
658 1411 728 1468 mihi
748 1413 821 1470 circa
835 1429 885 1472 ue·

125 1505 186 1555 uem
202 1501 234 1555 C.
254 1498 366 1555 Caesaris
378 1506 514 1568 namatus,
534 1507 562 1556 et
583 1500 715 1572 Appiana
729 1503 808 1558 cadis
826 1519 886 1560 mo·

129 1586 193 1642 litor
202 1585 352 1654 Narcissus,
367 1585 640 1663 flagrantissimaque,
662 1605 695 1644 eo
708 1588 738 1643 iu
752 1597 886 1660 tempore,
935 1641 937 1646 .

128 1675 217 1745 gratia
232 1676 318 1731 Pallas
334 1675 482 1746 agitavere,
502 1691 573 1730 uum
592 1675 790 1732 messalarum
802 1692 888 1732 scere·

125 1763 164 1818 tls
174 1767 262 1819 mimis
275 1764 447 1836 depellerem-t
457 1779 556 1820 amore
565 1763 633 1820 Silii
644 1766 745 1820 cuncta
759 1769 821 1822 alia
833 1767 889 1824 dis·

128 1851 307 1905 simulantes:
319 1850 384 1905 dein
395 1847 481 1916 metu,
495 1866 531 1905 ue
543 1852 578 1906 ad
590 1853 742 1922 perniciem
753 1857 824 1910 ultro
838 1862 890 1912 tra·

128 1937 276 2003 herenius,
296 1935 439 2002 desistunt3
455 1937 541 1992 Pallas
559 1953 608 2006 per
623 1939 773 2008 ignaviam,
794 1944 889 1998 Callis·

127 2034 173 2084 tus
185 2025 283 2097 prioris
293 2039 404 2096 quoque
412 2025 494 2096 regiae
504 2024 617 2095 peritus,
629 2033 656 2080 et
668 2029 816 2097 potentiam
831 2045 892 2088 eau-

128 2115 173 2182 tis,
191 2117 274 2185 quim
290 2112 401 2169 acribus
418 2112 535 2169 consiliis
549 2113 633 2170 tutius
649 2114 754 2172 haberi.
772 2118 891 2176 Perstitit

66 2189 68 2197 ¹
126 2200 278 2270 Narcissus,
296 2209 324 2256 et
341 2201 428 2256 solum
449 2199 476 2256 id
493 2200 651 2270 immutans,
670 2219 707 2260 ue
720 2221 889 2276 qrrosermo-

126 2297 164 2346 'ne
183 2289 322 2361 praesciam
336 2289 459 2346 criminis
481 2297 509 2344 et
530 2292 692 2350 accusatoris
705 2294 817 2365 iaceret,
830 2296 888 2368 ipse

126 2376 161 2433 ad
182 2377 334 2435 occasiones
351 2377 482 2445 intentus,
500 2378 581 2449 longi
595 2381 669 2451 apud
681 2383 787 2440 Ostiam
799 2386 887 2442 Cmsa·

126 2469 165 2522 ris
178 2469 266 2534 mort,
282 2468 351 2522 diras
365 2468 481 2536 pellices,
493 2483 611 2536 qrrarum
622 2470 644 2524 is
658 2473 819 2541 corporibus
830 2489 888 2532 ma·

126 2553 203 2609 xime
213 2553 380 2620 insueverat,
397 2553 586 2622 largitionem
602 2558 749 2624 promissis,
766 2568 794 2615 et
806 2577 889 2621 uxore

128 2641 245 2712 dejecta,
260 2643 319 2712 plus
329 2641 454 2713 potentia
464 2642 635 2714 ostentando,
650 2647 769 2718 perpulit
782 2649 890 2711 delatio-

129 2745 196 2788 nem
219 2731 321 2786 subire.
541 2805 543 2810 Ι

163 2819 255 2875 XXX.
277 2817 359 2874 Exim
374 2817 525 2889 Calpurnia
546 2819 584 2888 (id
607 2823 695 2894 pellici
712 2833 824 2894 nomen)
842 2830 889 2884 uhi

128 2906 225 2964 dacum
235 2914 382 2976 secretum,
395 2907 506 2964 Caesaris
519 2909 636 2980 genibus
650 2915 802 2982 provoluta,
819 2926 889 2978 aup-

130 2999 200 3052 sisse
214 2994 412 3054 Messallimam
432 2997 507 3054 Silio
524 2998 667 3052 exclamat:
683 2999 765 3051 simul
776 2998 890 3060 Cleopa-

131 3089 214 3154 tram,
222 3099 289 3156 *qum
301 3083 377 3141 idem
388 3082 534 3154 opperiens
547 3081 681 3148 adstabat,
693 3098 733 3133 om
743 3080 893 3146 comperis
