2272 3564
572 229 732 305 -ac-

265 364 418 423 srtitlaeere
439 365 595 436 reipublicae
611 367 750 432 videmur,
771 359 889 418 si'islius'
908 363 1024 418 lurorcm

264 465 296 506 ac
313 451 366 506 tela
384 450 513 507 vitemus.
534 452 580 507 Ad
602 456 721 506 mortem
740 455 775 514 te,
798 447 928 514 Catilina,
951 446 1021 514 duci,

259 549 336 604 Jeme
348 535 477 603 consulis,
488 535 656 608 jampridem
669 535 821 606 oportebat
839 533 868 587 in
883 539 910 586 te
924 532 1025 586 conier-

262 619 288 674 ri
304 628 411 691 pestem
434 621 525 689 istam,
545 637 631 694 quam
649 628 679 676 tu
694 620 723 676 iu
740 635 789 676 uos
803 633 900 674 omnes
918 617 1024 688 jamdiu

261 707 438 764 machineris.
454 711 501 765 Au
519 725 584 765 vero
603 708 648 765 vir
665 705 855 778 amplissimus.
875 707 906 760 P.
924 704 1022 776 Scipio,
1115 760 1117 766 .

261 795 386 868 pontifex
407 796 553 868 maximos,
573 797 636 854 Tib.
659 794 827 864 Gracchum,
852 792 1023 848 mediocriter

200 905 204 912 ·
261 881 471 940 labefactantem
492 891 594 939 statum
614 882 778 954 reipublice,
799 879 923 952 privatus
938 879 1022 935 inter·

261 970 336 1038 fecie
359 973 508 1030 Catilinam
528 985 604 1040 vero,
629 972 725 1029 orbem
749 976 828 1025 terre
850 967 921 1024 cede
944 975 1022 1039 atque

262 1057 398 1116 incendiis
408 1067 514 1116 vastare
526 1059 694 1131 cupientem,
708 1073 757 1114 nos
772 1057 894 1112 consules
909 1056 1025 1125 perfere-

263 1151 339 1202 mus?
358 1149 432 1202 Nam
451 1149 497 1202 illa
511 1148 594 1203 nimis
615 1147 729 1218 antiqua
749 1153 889 1218 pretereo,
905 1143 977 1214 quod
988 1144 1020 1200 C.

259 1230 390 1286 Servilius
408 1231 497 1286 Ahala
516 1233 564 1301 Sp.
581 1233 704 1298 Melium,
721 1232 798 1285 nobis
816 1231 898 1284 rebus
912 1230 1024 1286 studen-

259 1322 326 1385 tem,
342 1331 427 1370 mann
442 1331 490 1371 sua
500 1316 608 1372 occidit.
625 1316 699 1380 Fuit,
712 1315 764 1370 tuit
775 1315 826 1368 ista
838 1315 978 1385 quondam
988 1317 1021 1374 in

257 1402 310 1458 hac
322 1403 462 1473 republica
474 1402 571 1471 virtus,
591 1407 622 1458 ut
636 1401 690 1458 viri
702 1402 783 1466 fortes
798 1401 949 1457 acrioribus
958 1419 1024 1476 sup·

256 1487 344 1560 pliciis
366 1487 456 1544 civem
476 1487 672 1559 perniciosum,
695 1503 780 1559 quam
804 1489 1024 1548 acerbissumum

256 1576 363 1632 hostem
376 1582 542 1634 coercerent.
562 1567 704 1652 Habemus
715 1578 980 1632 senatusconsultum
993 1577 1026 1636 in

259 1670 297 1731 te,
315 1664 444 1734 Catilina,
456 1664 605 1721 vehemens
616 1671 644 1720 et
655 1679 748 1736 grave3
766 1650 822 1719 nou
840 1661 917 1718 deest
926 1662 1027 1734 reipu-

257 1751 334 1806 blice
354 1751 509 1827 consilium,
527 1766 618 1824 neque
642 1751 788 1808 auctoritas
805 1751 888 1822 hujus
905 1747 1021 1808 ordinis:

257 1853 315 1908 nos,
334 1855 391 1910 nos,
408 1839 471 1897 dico
489 1847 593 1911 aperte,
610 1841 733 1898 consules
751 1840 889 1895 desumus.

293 1929 329 1983 Il.
350 1929 479 2001 Decrevit
499 1929 640 2000 quondam
658 1935 782 1997 senatus,
804 1924 1025 1996 utL.Op1mios

256 2020 350 2074 consol
365 2017 481 2090 videret,
501 2034 536 2075 ue
550 2019 618 2091 quid
630 2017 784 2090 respublica
800 2012 960 2070 detrimenti
974 2028 1024 2068 ca·

255 2111 343 2172 peret,
354 2115 418 2161 ‘nox
436 2107 512 2162 nulla
529 2107 693 2173 intercessic
710 2105 870 2160 interlectos
891 2109 931 2158 est
957 2117 1025 2172 pro-

254 2195 316 2260 pter
330 2191 462 2257 quasdam
472 2189 637 2245 seditionum
647 2189 851 2258 suspicionesC.
863 2189 1021 2260 Gracchus,

255 2271 403 2327 clarissimo
417 2279 506 2344 patre,
522 2287 583 2341 avo,
605 2271 766 2341 majoribus:
784 2271 887 2326 occisus
901 2279 941 2328 est
955 2290 1027 2332 curn

256 2359 348 2426 liberis
370 2361 409 2432 Μ.Ι
429 2358 553 2427 Fulvius,
567 2359 724 2415 consularis.
739 2357 828 2415 Simili
844 2367 1026 2419 senatuscon-

257 2448 336 2518 sulto,
348 2447 381 2504 C.
395 2443 482 2502 Mario
498 2451 526 2501 et
535 2447 566 2502 L.
579 2445 699 2516 Valerio,
714 2444 870 2501 consulibus
887 2447 1026 2518 permissa

254 2543 296 2593 est
309 2535 472 2608 respublica:
489 2549 558 2591 num
571 2551 661 2592 unum
676 2533 751 2590 diem
767 2542 860 2606 postea
873 2537 904 2592 L.
921 2537 1026 2594 Satur-

254 2625 354 2682 ninum
374 2625 517 2680 tribuuum
534 2623 629 2695 plebis,
653 2629 680 2679 et
697 2625 730 2679 C.
752 2622 898 2680 Servilium
921 2633 1026 2696 praeto·
1127 2647 1128 2665 r

252 2726 323 2779 rem,
346 2726 420 2767 mors
438 2728 470 2768 ac
489 2712 644 2783 reipublice
658 2723 739 2782 poma
759 2719 897 2767 remorata
911 2717 966 2767 est?
980 2702 1028 2770 A't

254 2813 304 2854 nos
314 2797 475 2853 vicesimum
482 2797 541 2869 jam
550 2797 625 2854 diem
634 2797 755 2869 patimur
767 2798 913 2854 hebescere
928 2798 1027 2856 aciem

252 2885 353 2942 borum
369 2883 547 2942 auctoritatis.
564 2885 705 2941 Habemus
721 2885 798 2942 euim
812 2884 969 2956 hujusmodi
980 2903 1027 2944 se·

253 2974 497 3048 natusoonsultum,
517 2979 710 3029 verumtamen
724 2972 862 3030 inclusum
882 2971 912 3027 in
936 2973 1025 3030 tabu·

254 3062 295 3132 lis,
315 3070 455 3138 tamquam
466 3049 590 3136 gladium
606 3061 637 3124 iu
649 3062 749 3137 regina
762 3059 945 3122 reconditum:
961 3074 1026 3134 quo
1127 3103 1128 3132 ξ
