2282 3558
442 195 603 274 „544

141 340 240 392 natum
257 333 386 401 retentum
405 337 461 390 tota
475 341 506 390 ut
519 335 597 392 Italia
617 335 736 393 delectus
753 336 901 407 habeatur}

143 427 257 480 Faustus
274 423 348 492 sqtta
361 438 411 494 pro
426 429 541 494 praetore
559 423 590 480 in
602 424 799 481 Mauritaniam
810 427 901 484 mitta·

141 518 195 582 tur,
214 510 333 583 pecunia
348 517 378 565 ut
390 526 424 567 ex
437 510 532 567 aerorio
547 512 676 584 Pompeio
694 511 786 570 detur.
806 515 902 571 Reior-

139 605 185 655 tur
207 599 292 656 etiam
308 599 343 657 dc
360 615 427 672 rege
445 602 517 656 tubi
532 607 563 656 ut
577 601 664 659 socius
676 603 722 673 sit,
738 609 822 676 atque
836 605 901 661 ami·

138 704 195 746 cus:
209 691 354 746 Marcellus
361 691 430 746 verb
442 705 587 762 passurum
601 691 674 748 sein
695 691 837 763 prasentia
850 707 901 751 ne·

139 785 195 848 gut.
209 779 252 834 De
262 779 364 834 Fausto
378 777 494 849 impedit
507 779 650 851 Philippus
664 779 792 835 tribunus
804 779 901 850 piebis.

139 867 184 920 De
203 863 316 936 reliquis
334 865 416 921 rebus
434 867 462 922 S.
483 869 516 922 C.
538 866 757 938 perscribuntur.
785 866 902 924 Prouin-

139 951 187 1008 ciae
197 952 312 1023 privatis
321 953 522 1021 decernuntun
539 954 600 1010 duae
610 957 775 1024 consulares,
790 955 902 1026 reliquo

138 1037 279 1110 pretoriae,
296 1039 416 1111 Scipioni
431 1040 544 1094 obvenit
557 1042 645 1109 Syria:
666 1045 699 1096 L.-
714 1041 835 1095 Domitio
850 1043 903 1098 Ga·

139 1127 186 1182 iia:
208 1125 349 1197 Phiiippus
369 1132 397 1182 et
415 1126 559 1182 Marcellus
576 1127 682 1198 privato
707 1126 820 1184 consitio
840 1143 904 1200 pre·

140 1219 296 1282 tereuntur,
310 1228 400 1284 noque
417 1227 513 1270 eorunm
532 1222 616 1270 sortus
636 1215 793 1286 ejiciuntur.
817 1219 850 1272 Iu
862 1233 903 1276 rc·

137 1301 226 1373 liquas
252 1300 406 1372 provincias
428 1308 553 1372 pretores
569 1303 728 1372 mittuntur,
749 1319 840 1376 noque
859 1321 903 1361 ex·

137 1395 270 1460 spectant,
288 1389 359 1460 quod
369 1389 556 1462 superioribus
567 1389 646 1446 aunis
657 1391 804 1462 acciderat,
823 1392 901 1448 utde

139 1492 237 1532 uorum
254 1477 370 1548 imperio
390 1478 425 1534 ad
444 1480 576 1550 poplitum
596 1479 743 1548 referatur,
763 1481 901 1550 paludati-

138 1580 202 1637 que,
214 1565 282 1621 votis
292 1565 466 1638 nuncupatis,
482 1574 589 1623 exeant.
606 1569 747 1636 Consules,
760 1568 834 1638 quod
849 1585 901 1625 an·

136 1659 165 1708 te
184 1650 225 1709 iu·
231 1660 338 1724 tempus
351 1653 489 1710 acciderat
503 1669 658 1724 nunquam,
675 1669 709 1708 ex
733 1653 803 1708 urbe
823 1653 902 1725 proti·

139 1739 289 1807 ciscuntur3
309 1741 471 1811 lictoresque
484 1741 588 1797 babent
602 1740 633 1795 in
643 1740 714 1796 urbe
727 1745 756 1795 ct
768 1738 903 1810 Capitolio

140 1826 252 1898 privati,
266 1836 360 1883 contra
369 1828 463 1883 omnia
472 1829 611 1883 vetustatis
620 1829 755 1898 exemplu.
770 1830 839 1884 Tota
851 1831 903 1886 Ita·

139 1912 177 1968 iia
202 1911 322 1967 delectus
339 1913 469 1978 habetur,
491 1929 568 1967 orma
591 1913 763 1981 imperantur
780 1913 903 1982 pecumae

140 2015 157 2056 a
180 1996 340 2068 municipiis
352 1997 511 2068 exiguntur,
527 2004 555 2052 et
569 1996 667 2052 cianis
683 1996 826 2062 tolluntun
846 2011 903 2053 om·

139 2086 188 2142 nia
207 2084 302 2140 divina
319 2091 346 2140 et
358 2085 481 2140 hnmana
492 2085 556 2154 jura
571 2081 781 2156 permiscentur.
796 2082 903 2154 Quibus

139 2171 223 2227 rebus
241 2169 367 2242 coguitis,
387 2172 476 2228 cesar
497 2170 570 2242 apud
591 2170 691 2226 milites
711 2170 900 2230 concionatur.

137 2259 275 2318 Omnium
304 2266 460 2332 temporum
480 2259 596 2331 iujurias
618 2259 795 2319 inimicorum
822 2261 852 2318 iu
872 2277 901 2319 se

137 2355 344 2418 commemorat,
366 2348 495 2420 aquibus
515 2349 660 2406 diductum
676 2355 705 2406 et
719 2349 901 2421 depravatum

138 2435 300 2507 Pompeium
320 2435 446 2507 queritur
470 2436 574 2492 invidit
599 2444 683 2506 atquc
704 2437 901 2494 obtrectatione

138 2522 227 2577 laudis
246 2537 309 2590 suae,
329 2523 407 2592 cujus
420 2523 477 2594 ipse
492 2522 590 2580 honori
604 2528 632 2578 et
650 2521 782 2592 dignitati
793 2536 901 2592 semper

139 2607 248 2678 faverit,
266 2609 428 2680 adiutorque
447 2607 539 2664 tuerit.
556 2609 676 2674 .Novum
697 2606 727 2664 in
747 2607 900 2680 rempubli-

140 2711 202 2753 cam
226 2697 414 2754 introductum
429 2696 586 2768 exemplum
609 2694 745 2766 queritur,
766 2703 797 2751 ut
812 2695 901 2754 tribu

139 2784 208 2842 uitia
221 2784 378 2843 intercessio
393 2784 478 2842 armis
494 2791 646 2855 notaretur,
662 2791 744 2856 atque
758 2786 902 2864 opprime·

139 2879 227 2941 retur,
239 2889 300 2944 quac
316 2872 504 2944 superioribus
519 2873 599 2931 anuis
613 2880 680 2930 esset
695 2873 829 2930 restituta.
841 2871 900 2939 syt-

139 2963 206 3030 lam,
227 2962 331 3018 nudata
351 2962 479 3018 erunibus
493 2962 574 3018 rebus
592 2961 738 3018 tribunitia
757 2964 897 3030 potestate,

142 3057 235 3118 tumen
262 3049 485 3106 intercessionem
505 3045 793 3118 liberansseliqutssm
817 3045 899 3101 Pom·
