2284 3558
118 345 288 427 Quidquam,-
301 361 400 426 preter
412 355 480 422 uine,
494 341 603 411 iumosae
614 369 678 410 eum
693 353 762 428 pede
778 343 879 428 perne:

116 447 169 510 Ac,
185 444 254 500 mihi
263 445 327 500 cnm
341 446 453 516 longum
464 451 521 516 post
533 451 640 516 tempus
650 447 877 518 venerationes,

120 529 184 585 Sive
199 547 313 602 operum
327 545 414 588 veeno
425 539 519 603 gratus
530 532 644 589 conviva
660 549 709 606 per
718 533 838 592 imbrem

117 616 240 684 Vicinum
252 621 323 676 bene
334 609 403 686 eret,
415 637 471 677 nun
484 621 603 691 piscibus
611 623 681 678 urbe
693 622 794 692 petitis,

119 703 173 758 Sed
185 707 267 774 putto,
278 714 360 776 atque
369 708 459 760 hoedo:
476 713 535 759 tum
546 707 657 776 pensilis
668 723 721 762 uve
731 709 865 765 secundus

118 793 155 847 Et
168 808 227 846 nux
237 794 353 846 ornabat
363 807 483 856 mensus,
493 807 557 846 enm
569 791 678 860 dupiice
693 793 757 849 ficu.
851 853 857 866 ¹

115 879 178 934 Post
187 879 239 933 hoe
253 878 333 934 indus
347 886 407 934 'eret
420 869 501 950 enipi
515 885 610 950 potare
623 879 766 950 magistrer

118 968 162 1020 Ae
172 972 301 1021 venerate
316 969 453 1033 ceree-nt
462 967 552 1024 culmo
563 973 689 1036 surgeret
698 968 762 1037 altu,

116 1054 255 1124 Explicuit
265 1055 330 1110 vino
341 1062 485 1111 enntraetae
496 1055 567 1110 seria
581 1055 685 1110 trontiS.

118 1141 228 1207 Seniue,
240 1149 322 1214 utque
332 1135 416 1198 nurus
427 1149 536 1198 moveat
545 1143 657 1199 inrtnne
668 1143 812 1213 tumultus,

116 1231 259 1286 Cnantum
275 1231 342 1288 hine
352 1231 512 1288 imminuet?
521 1232 625 1303 quantu
637 1237 685 1289 ant
699 1247 750 1303 ego
762 1231 882 1304 peruius,

731 1345 735 1353 .
775 1325 884 1376 autvos

118 1407 144 1462 Ο
156 1407 235 1476 pueri
244 1408 374 1472 nituistis,
383 1415 415 1462 nt
425 1409 481 1464 hue
491 1423 578 1464 novus
592 1405 680 1465 ineuia
692 1404 784 1464 imit?

115 1477 189 1531 Nam
205 1479 320 1548 proprie
329 1478 434 1534 telluris
447 1480 547 1534 herum
565 1485 673 1547 nature,
685 1493 777 1549 neque
791 1477 878 1547 ilium,

115 1565 176 1619 Nee
190 1579 244 1632 me,
256 1581 307 1622 nen
320 1565 603 1639 quemquam-statuit:
616 1583 664 1622 nos
674 1564 844 1636 exputitiiim

115 1652 198 1707 ilium
212 1655 414 1726 attinentium,
426 1663 474 1711 aut
484 1655 554 1709 vafri
566 1653 672 1706 inscitia
683 1653 762 1720 turin

116 1740 256 1797 Peetremn
269 1744 385 1811 expellet
394 1745 469 1795 eerte
477 1738 599 1792 vivacior
612 1737 700 1792 heret.

113 1829 198 1884 Nune
210 1843 275 1896 ager
289 1827 426 1880 Umbreni
435 1825 486 1878 sub
497 1821 619 1888 nomine,
632 1838 721 1894 nuper
732 1823 814 1882 omitt

112 1911 221 1976 Dictus,
240 1912 292 1965 erit
305 1910 373 1967 nulii
382 1908 518 1978 proprium
529 1908 575 1962 sed
587 1910 794 1965 oenettnnmm
819 1907 822 1912 ’

114 2002 200 2058 Nune
210 1999 288 2067 mihi,
301 2011 377 2052 nuuc
388 1993 585 2066 uuir-quocirca
598 1995 786 2059 viviteiortes‚

115 2085 271 2156 Fortiuque'
278 2083 398 2140 adversis
407 2081 536 2154 opponite
548 2087 658 2151 pentura
671 2081 780 2138 rebus.»
878 2115 880 2122 ·

225 2385 382 2523 tituil
410 2399 597 2503 iiiiii!
622 2399 781 2502 iiiiii

296 2557 356 2606 mn
372 2551 491 2607 numu
510 2555 702 2606 pourton

320 2658 438 2718 LIBER
448 2655 670 2713 ADPISONES.

113 2877 248 2932 Humano
257 2869 341 2943 cupiti
351 2867 486 2926 eervioem
500 2867 588 2939 pietur
599 2868 740 2940 equinum

122 2965 246 3034 iungere
254 2960 277 3016 si
289 2959 364 3027 velit,
378 2964 405 3016 et
419 2956 509 3014 varies
522 2957 654 3014 iuducere
667 2959 782 3030 plumes,

117 3051 248 3124 Undique
258 3049 360 3117 collutis
372 3047 514 3120 membris,
528 3053 560 3103 ut
572 3047 690 3120 turpiter
700 3053 797 3110 'utrum
881 3073 884 3085 ·
