2282 3558
248 331 318 404 gulis
338 330 460 401 ipsarum
478 327 590 384 urbium
604 334 738 400 perpetua
751 324 865 382 dederet
882 326 1009 397 imperia.

248 417 294 474 Sic
305 417 381 474 enim
394 414 500 488 putarit
510 415 636 472 facillime
648 430 676 471 se
688 414 774 486 greca
789 411 883 482 lingui
895 412 1010 484 loqueu·

248 515 299 573 tes,
312 505 360 576 qui
373 505 469 561 Asiam
483 503 643 570 incolerent,
658 502 709 558 sub
718 502 767 557 sua
778 505 956 556 retenturum
967 518 1015 573 po-

247 599 355 660 testate,
374 591 397 647 si
414 589 508 648 amicis
528 590 584 646 suis
601 589 700 662 oppida
717 588 821 644 tuenda
844 589 1009 660 tradidisset,

247 679 386 750 quibussc
394 693 530 749 oppresso,
542 677 616 733 nulla
625 692 685 748 spes
693 674 786 732 salutis
794 675 1010 748 relinqueretur.

248 769 283 823 ln
300 766 352 822 hoo
367 766 420 822 iuit
438 772 497 821 tum
515 781 632 822 numero
643 764 789 833 Miltiades,
802 764 848 822 cui
859 765 906 822 illa
921 774 1011 823 custo·

247 855 293 910 dia
307 853 476 911 crederetur.
495 852 557 920 Hic,
574 852 638 908 eum
658 851 749 908 crebri
763 851 896 909 ailerrcnt
906 852 1008 922 nuntii,

246 945 319 1000 male
339 958 400 999 rem
423 957 520 1014 gerere
540 942 668 1010 Darium,
689 941 834 1014 premique
852 957 868 998 a
891 942 1008 1014 Scythis.

245 1031 382 1089 Miltiades
395 1031 520 1088 hortatus
538 1039 580 1088 est
593 1031 682 1104 pontis
701 1031 835 1100 custodes,
857 1047 893 1088 ne
914 1047 930 1088 a
951 1032 1008 1089 ior·

244 1121 313 1174 tund
331 1118 425 1175 datam
441 1117 610 1176 secesionem
628 1117 777 1174 libcraudae
790 1117 900 1176 Greciae
914 1119 1009 1176 dimit·

246 1212 347 1262 terent.
363 1207 437 1262 Nam
457 1204 480 1261 si
495 1221 559 1262 cum
574 1205 617 1261 his
628 1204 721 1277 copiis,
736 1221 804 1278 quas
818 1220 910 1262 secum
925 1216 1011 1264 trans·

247 1300 418 1368 portaverat,
431 1292 564 1349 interiiset
577 1292 686 1360 Darius,
700 1309 755 1350 non
771 1293 858 1348 solium
867 1294 1010 1366 Europam

245 1383 307 1439 iore
328 1389 427 1449 tutam,
444 1379 588 1438 sedetiam
604 1395 651 1438 eos
668 1381 717 1453 qui
734 1381 830 1438 Asiam
843 1380 1007 1454 incolerent,

246 1470 337 1530 Graeet
354 1485 466 1543 genere,
490 1467 619 1526 liberosa
640 1472 787 1526 Persarum
801 1470 1010 1528 iuturusdomi-

245 1557 358 1617 nahone
372 1565 402 1616 et
415 1557 545 1630 periculo.
563 1557 596 1614 ld
609 1562 637 1614 ct
654 1555 733 1614 facile
750 1557 822 1614 cilici
835 1573 921 1630 posse:
939 1574 1009 1631 pon-

247 1652 276 1704 te
300 1645 376 1704 enim
394 1644 514 1714 rescisso,
535 1660 631 1716 regem
652 1645 698 1702 rel
713 1645 833 1710 hostium
857 1645 939 1716 terro,
964 1648 1010 1704 vel

247 1734 340 1806 inopia
360 1733 454 1808 paucis
467 1733 563 1790 diebus
581 1733 770 1791 interiturum.
791 1733 838 1791 Ad
857 1735 909 1792 hoc
917 1734 1009 1791 oonsi-

244 1823 315 1880 linm
327 1823 392 1881 ehm
408 1823 532 1896 plerique
548 1823 722 1894 decederent,
737 1822 863 1882 Histiseus
875 1823 1007 1896 Milesius,

243 1925 280 1968 ne
295 1926 339 1968 res
355 1911 545 1984 ooniiecretur,
560 1911 675 1983 obstitit,
690 1912 793 1970 dicens:
810 1913 953 1971 nunidem
970 1913 1009 1986 ip-

244 1997 280 2054 sis
292 1997 471 2070 quisummas
481 1999 591 2072 imperii
602 2007 738 2072 tenerent,
748 2000 889 2074 expedire,
900 2007 929 2058 ct
939 2001 1010 2058 mul-

243 2086 366 2157 titudini,
379 2089 453 2159 quod
467 2089 547 2144 Darii
564 2104 650 2160 regno
666 2087 788 2162 ipsorum
810 2087 945 2148 niteretur
957 2089 1008 2146 do-

242 2172 368 2229 minatio.
381 2177 442 2244 Quo
457 2175 601 2245 exstincto,
615 2174 685 2248 ipsos
695 2183 826 2249 potestate
839 2177 962 2250 expulsos
973 2174 1011 2233 oi-

242 2261 323 2317 rihus
340 2262 396 2318 suis
412 2278 505 2334 poenas
519 2264 640 2321 daturos.
656 2267 754 2339 ltaque
774 2266 842 2324 adeo
862 2283 892 2324 sc
904 2265 1009 2322 ahhor-

242 2365 306 2408 rere
323 2367 340 2406 a
354 2357 510 2409 ceterorum
530 2353 649 2427 oonsilio,
663 2363 695 2412 ut
709 2357 779 2414 nihil
792 2364 870 2428 putet
883 2356 948 2429 ipsis
956 2357 1010 2413 nti-

239 2435 292 2494 lius
312 2439 397 2511 quatm
415 2440 575 2498 confirmari
595 2459 714 2516 regnum
734 2448 893 2502 Persarum.
915 2445 1009 2516 Hujus

240 2526 305 2581 caim
323 2529 489 2588 sententiam
508 2531 623 2604 plurimi
639 2540 729 2592 essent
745 2533 845 2604 secuti,
858 2533 1007 2604 Miltiades,

240 2628 296 2669 non
315 2615 455 2690 dubitans,
469 2627 526 2676 tam
540 2623 635 2680 multis
647 2621 770 2692 consciis,
786 2623 822 2679 ad
841 2623 913 2692 regis
925 2638 1010 2679 aures

239 2701 351 2760 consilia
366 2722 416 2763 sua
426 2716 605 2781 perventura,
620 2710 824 2766 Chersonesum
835 2709 959 2780 reliquit,
975 2727 1012 2769 ne

237 2804 334 2846 rursus
355 2794 481 2852 Athenas
497 2796 673 2868 demigravit.
695 2796 782 2869 Cujus
795 2794 867 2853 ratio
884 2796 936 2854 etsi
949 2813 1013 2860 non

236 2879 334 2950 valuit,
356 2887 449 2940 tamen
463 2898 631 2958 magnopere
643 2890 683 2942 est
695 2885 843 2944 laudanda:
856 2885 921 2944 eum
935 2887 1013 2942 ami-

240 2969 297 3070 cior
314 2970 441 3034 omniurn
465 2972 586 3034 libertati
603 2978 688 3050 quatu
706 2993 760 3036 sua
776 2975 861 3037 luerit
878 2974 1014 3036 doruina-
1130 2973 1131 3000 ¹

239 3060 318 3120 troni.
