2284 3558
255 362 369 421 vicinas
381 357 464 413 urbes
473 353 530 425 alit,
546 360 669 422 etgram
683 348 767 407 sentit
777 354 914 408 aratrum:

259 453 314 508 Seu
323 462 435 504 cursum
446 442 563 500 mutavit
575 440 704 510 iniquum
717 436 845 508 tergibus
855 439 954 509 amnis,
985 474 987 480 ν

255 542 358 610 Doctus
371 523 424 590 iter
435 533 542 592 melius.
555 527 682 588 Mortalia
691 527 765 590 ¹lacto
776 526 919 597 peribunt,
940 563 944 570 -

259 624 371 681 Nedum
380 636 541 690 sermonum
555 624 608 674 stet
620 617 707 672 honos
717 621 746 670 et
756 614 848 685 gratia
857 616 950 674 uivax.
964 663 967 673 ,

160 758 165 769 ,
258 713 347 783 lthlta
359 715 538 766 renascentur
549 720 609 776 que
618 703 676 774 jam
689 701 824 770 cecidere,
840 703 1004 775 cadentque,

258 806 324 872 Quae
338 815 414 870 nunc
424 795 531 854 suntin
542 794 657 859 honore,
668 790 811 861 vocabula,
825 788 847 846 si
862 793 932 856 ¹uolet
944 807 1031 863 neus,
1134 792 1135 808 ¹

184 959 188 966 ‚
259 894 349 960 Quem
360 882 599 959 pcnesarbitrium
609 880 734 951 estetjus
743 879 1026 951 stammalcquauun

294 981 351 1034 Res
350 983 442 1048 gesta
450 987 602 1044 regumque
611 970 781 1042 ducumque
794 977 823 1029 et
831 969 918 1024 tristia
932 970 1005 1024 bella
1021 1007 1026 1032 .,

263 1069 324 1140 Quo
336 1065 419 1122 scrrlu
433 1068 539 1134 possent
548 1075 665 1116 numero
674 1057 837 1115 {nommant
846 1059 991 1114 Homeros
1134 1103 1135 1108 ,

297 1154 431 1210 Versibus
442 1144 691 1221 imparttcrpunctrs
702 1161 875 1217 querimonia
891 1143 1028 1216 primum,
1134 1177 1135 1244 q

262 1247 325 1299 Post
333 1241 416 1298 ettam
431 1241 534 1294 inclusa
550 1235 640 1292 etvoti
651 1234 787 1290 sententia
798 1249 916 1302 compos.
1025 1289 1028 1294 ,

262 1329 330 1399 Quis
341 1335 434 1389 tamen
443 1339 555 1396 exiguos
565 1325 656 1394 elegos
666 1319 817 1379 emisererrt
828 1325 950 1386 auctor
1134 1307 1135 1312 ’

263 1414 444 1482 Grammatici
456 1419 571 1480 certant,
588 1420 616 1468 et
630 1410 780 1469 adlrucsulr
791 1407 883 1479 judice
894 1406 927 1464 tts
937 1413 987 1464 est.
1025 1442 1029 1453 ι

298 1504 494 1562 Archilochum
505 1501 615 1572 proprio
626 1500 716 1557 rabies
728 1496 847 1554 armabit
855 1497 956 1554 iambo.

263 1585 423 1653 Huncsocci
433 1607 530 1663 cepere
540 1590 648 1662 pedem,
662 1588 834 1661 grandesque
848 1583 986 1653 cothurni,
1029 1628 1035 1643 ,

267 1683 389 1740 Alternis
403 1689 498 1753 aptum
508 1680 691 1746 sermonibus,
704 1685 732 1734 et
740 1676 882 1748 populares

263 1770 431 1826 Vincentem
447 1767 584 1838 strepitus,
596 1775 623 1828 et
632 1774 727 1824 natum
742 1764 824 1820 rebus
835 1759 957 1833 agendis.

301 1858 380 1926 Musa
390 1856 466 1912 dedit
476 1855 670 1922 fidibusdiros,
686 1869 841 1924 puerosque
851 1851 977 1918 deorum,

265 1945 731 2016 Etpugilemvectoram‚etequum
740 1937 1032 2010 certamineprimum,

270 2036 305 2090 Et
317 2051 452 2104 Juvenum
464 2049 552 2099 curas,
569 2031 692 2088 etlibcra
707 2028 771 2090 vina
787 2029 900 2088 referre.

302 2124 456 2194 Descriptus
470 2137 580 2178 servare
593 2120 676 2187 vices,
692 2133 865 2194 operumque
874 2115 985 2182 colores,
1036 2143 1040 2151 ·
1134 2143 1135 2150 κ

267 2212 324 2266 Cur
338 2227 398 2280 ego,
411 2212 433 2268 sl
447 2227 554 2282 nequeo
566 2210 728 2282 ignoroque,
740 2213 819 2275 poeta
834 2205 950 2270 saltator?

266 2299 325 2365 Cpr
338 2299 453 2365 nescire,
472 2299 577 2368 pudens
588 2299 680 2370 prave,
693 2295 777 2364 quim
788 2292 894 2353 discere
906 2288 993 2342 malti?

302 2387 435 2444 Versibus
449 2384 669 2459 erponitragicis
683 2397 726 2440 res
739 2377 843 2436 comica
857 2391 915 2434 non
929 2375 1001 2438 uult:

266 2474 430 2546 Indignatur
444 2474 511 2530 item
524 2475 636 2547 privatis
651 2488 686 2530 ac
697 2483 781 2542 prope
791 2480 869 2522 socco

266 2562 364 2633 Dignis
373 2561 542 2620 carminibus
552 2559 661 2618 narrari
672 2573 749 2624 coena
761 2555 896 2624 Thyeste.
1134 2603 1135 2656 1

267 2649 380 2720 Singula
392 2666 505 2720 quaeque
514 2651 605 2705 locum
617 2652 729 2703 teneant
740 2642 835 2700 sortita
845 2639 985 2695 decenter.

269 2739 416 2794 Interdum
428 2745 522 2792 tamen
535 2745 563 2792 et
577 2752 671 2792 vocem
684 2731 819 2792 comoedia
831 2727 909 2797 tollit,

267 2829 413 2894 iratusque
423 2825 556 2880 Chremes
567 2823 672 2880 tumido
682 2823 809 2893 delitigat
817 2833 875 2887 ore,

270 2917 306 2968 Et
318 2911 438 2979 tragicus
447 2910 610 2982 plerumque
621 2911 695 2966 dolet
706 2923 835 2967 sermone
852 2901 982 2977 pedestri.

269 2995 405 3065 Telephus
420 3002 448 3050 et
460 2996 563 3064 Peleus,
574 2996 638 3050 cum
652 3002 800 3068 pauperet
813 2992 890 3050 exsul
907 2995 1043 3060 uterque,

267 3081 378 3149 Projicit
389 3081 530 3162 ampullas,
543 3087 571 3136 et
584 3079 782 3150 sesquipedalia
794 3078 893 3147 verba,
928 3150 933 3160 Δ
994 3149 999 3156 ἡ
