2282 3558
565 227 726 308 -rsu

267 351 452 423 faciemusque
476 355 504 407 te
531 349 623 407 surim
645 349 798 408 nertiorem.
829 349 1025 413 Valetudinem

268 444 345 495 tunm
358 453 427 497 oum
440 436 595 509 diligenter.
611 438 689 498 Vale.
707 434 838 494 Kalendis
855 437 1024 510 Septembri·

267 527 416 675 buz-..Mo
430 617 464 672 Τ.
481 617 513 674 C.
530 613 665 674 Terentio
682 629 735 672 snoe
750 615 779 671 S.
799 615 831 670 P.
851 617 1027 675 D.-Reddi·

160 773 162 776 Ι
267 711 300 761 tae
319 704 389 761 milri
408 705 521 764 tendent
540 712 604 764 snnt
617 709 633 762 t
646 708 751 763 Cesere
765 703 861 760 litteroe
877 705 941 762 satis
955 706 1024 764 libe·
1139 777 1140 782 γ

267 793 346 864 mles,
371 800 399 850 et
413 792 470 865 ipse
487 793 617 866 opinione
634 792 748 850 celerius
764 797 897 850 uenturus
914 809 971 851 esse
985 795 1026 850 di·

266 880 349 937 citur.
369 880 425 938 Cui
439 887 543 948 utrum¹
552 880 662 938 obuiam
674 879 830 953 procedam,
846 895 882 936 nn
899 881 945 938 hic
958 895 1024 940 euru

265 977 527 1044 exspenemquum
535 967 1022 1039 mnsntuerotaeiamtecertluem.
1139 1031 1140 1034 ,

265 1058 432 1116 Tabellarios
449 1058 518 1114 milri
542 1058 625 1115 velim
638 1073 731 1129 ouem
748 1056 869 1128 primum
888 1057 1021 1116 remittas.

263 1146 460 1204 Valetudinem
473 1155 552 1204 tunm
565 1163 633 1205 curn
646 1146 803 1218 diligenter.
824 1145 905 1204 Vale.
924 1149 959 1204 D.-
969 1148 1024 1220 pri·
1139 1223 1140 1228 η

264 1231 310 1290 die
324 1233 386 1290 idus
397 1237 471 1292 Sext.
747 1255 750 1262 ·

299 1321 426 1377 Vl.-ln.
444 1323 478 1377 Τ.
492 1325 523 1379 C.
546 1319 685 1378 Terentio
695 1336 750 1377 suae
765 1323 793 1378 S.
807 1324 838 1380 P.
858 1323 960 1382 D.-Sl
973 1340 1023 1384 vn·

264 1409 312 1478 les,
337 1408 410 1465 bene
431 1415 480 1466 est:
496 1409 582 1466 valeo.
595 1407 696 1478 trullis
715 1415 805 1467 nosue
825 1410 901 1468 veuit
919 1412 955 1468 nd
976 1429 1023 1471 me

264 1496 354 1568 pridie
371 1496 433 1553 idus
450 1496 536 1554 lunii:
557 1496 634 1568 eujus
652 1513 758 1552 summa
777 1497 878 1556 virtute
892 1505 920 1555 et
933 1500 1024 1572 singn-

264 1585 315 1644 leri
328 1586 510 1656 humanitate,
527 1585 746 1658 gravioreetium
756 1603 817 1642 sum
835 1587 928 1644 dolore
939 1590 1023 1647 elleo-

264 1679 317 1744 tus,
333 1678 427 1731 nostri
445 1676 547 1732 luctum
566 1691 622 1732 esse
634 1675 811 1747 negligentis,
829 1683 859 1732 nt
872 1678 953 1746 longe
967 1679 1023 1734 elia

263 1761 293 1818 in
308 1763 415 1822 fortune
430 1771 508 1834 esset,
521 1773 603 1836 atque
614 1765 771 1837 ejus-pietus
781 1773 815 1822 'ae
826 1764 946 1836 dignitus
959 1781 1023 1837 pos-

261 1852 376 1908 tnlnlmt.
400 1853 487 1910 Nobis
503 1860 562 1911 emt
580 1853 611 1909 in
628 1853 721 1912 enimn
740 1855 900 1912 Ciceronem
914 1852 950 1909 ed
962 1856 1022 1911 Gee-

262 1951 352 1995 snrem
370 1940 489 2010 mittere,
503 1948 606 1998 etcum
617 1956 650 1998 eo
668 1942 721 1998 Cn.
738 1939 906 1998 Snllnstinnr.
922 1941 951 1998 Si
962 1957 1024 2012 pro-

257 2025 349 2082 tectus
364 2027 427 2096 erit,
448 2027 546 2084 lnemm
566 2035 595 2084 te
608 2028 763 2084 certiorem.
777 2028 855 2084 Vale.

295 2113 436 2168 Vll—ll.
457 2119 490 2168 T.
512 2119 544 2170 G
567 2115 703 2170 Terentiae
720 2130 775 2171 sum
791 2116 820 2170 S.
837 2117 868 2171 P.
890 2116 1022 2172 D.·-Nee
1135 2175 1138 2198 ι

222 2249 224 2254 .
261 2200 330 2270 supe
353 2206 402 2267 est,
422 2200 468 2254 uri
490 2200 593 2255 litteras
611 2199 717 2255 demus:
739 2216 792 2255 neo
811 2215 871 2256 rem
887 2203 1022 2262 hebemus

262 2287 356 2356 ullum,
379 2301 464 2358 qunm
484 2286 605 2344 seribere
625 2285 749 2342 uelimus.
776 2289 822 2344 Ex
840 2289 895 2346 tnie
913 2291 1020 2354 litteris.

261 2389 329 2446 quus
341 2373 464 2447 proxime
475 2374 577 2447 uooepi
586 2374 700 2446 cognovi
713 2375 846 2447 predium
860 2380 967 2434 nullum
977 2395 1024 2436 ve·
1135 2369 1138 2426 ἑ

261 2461 323 2518 nire
343 2461 469 2535 potuisse.
488 2465 580 2533 Quare
598 2461 690 2518 videus
707 2462 808 2534 sellim,
826 2466 964 2536 quomodo
976 2482 1022 2522 sn-
1044 2511 1047 2516 .

263 2549 344 2606 tisllnt
362 2550 399 2621 ei,
419 2551 464 2608 eui
478 2550 531 2608 sois
544 2566 590 2608 me
603 2549 728 2608 satisfieri
741 2551 818 2610 velle.
834 2552 913 2622 Quod
927 2562 1023 2614 nostru

183 2674 189 2682 .
263 2633 313 2690 tibi
325 2637 426 2706 gratim
439 2638 506 2710 agit,
522 2638 550 2693 ld
564 2653 615 2709 ego
626 2653 683 2694 non
693 2637 815 2699 mirorte
830 2639 931 2698 mereri
945 2648 977 2696 nt
987 2657 1024 2699 en

262 2719 429 2779 tilrimerito
448 2731 495 2781 tuo
506 2725 607 2796 gratius
618 2741 701 2795 ogere
718 2726 809 2797 possit.
829 2728 978 2784 Pollucem:
996 2728 1022 2784 si

261 2805 352 2863 adhue
365 2824 421 2864 non
432 2817 472 2866 est
483 2812 627 2882 proiectus,
639 2829 723 2883 quum
736 2814 858 2885 primurn
874 2815 917 2872 loo
930 2822 1024 2872 exuu-

259 2896 318 2965 dns,
331 2898 405 2952 Cure
418 2905 448 2954 nt
460 2899 559 2955 velens.
573 2899 668 2956 Idibus
680 2901 779 2972 Quint.

295 2986 449 3042 tuit-ll.
467 2989 500 3042 T.
512 2989 544 3044 C.
563 2988 698 3046 Terentiei
707 3006 761 3046 snae
771 2991 799 3046 S.
811 2993 841 3048 P.
855 2992 957 3049 l).—Si
971 3009 1022 3064 un·
1135 3009 1136 3020 ¹

180 3157 182 3162 Ι
258 3074 296 3130 las
316 3074 389 3133 nene
406 3083 456 3134 est:
471 3089 521 3147 ego
534 3077 618 3136 vuleo.
635 3078 831 3139 Valetudinem
846 3087 922 3136 tuam
937 3080 1024 3139 velim
