2272 3564
433 201 593 276 ...pp-

160 343 233 398 Car.
249 338 360 397 m-lbi
374 339 451 396 brevi
465 346 586 410 tempore
598 336 779 396 barbarorum
799 331 887 404 copiis

122 429 252 500 disjectis,
274 431 329 484 told
350 429 471 499 regione,
493 443 576 498 quam
590 428 718 498 petierat,
728 429 839 500 potitus,
852 432 889 486 lo-

124 532 156 571 ca
181 517 295 572 castellis
321 517 420 572 idonea
448 515 638 583 communivit;
666 518 884 588 multitudinem,

124 620 207 674 quam
225 621 321 660 secum
332 605 457 672 duxerat,
471 604 500 660 in
514 604 587 674 agris
603 605 752 675 collocarit,
774 606 888 662 crebris·

125 709 180 763 que
201 695 406 750 excursionibus
427 693 610 764 locupletavit.
628 697 725 766 Neque
745 695 837 750 minius
856 695 888 751 iu

124 785 157 837 ed
174 797 205 837 re
219 783 366 853 prudentii
384 785 467 852 quim
480 783 608 839 felicitate
622 783 732 854 adjutus
750 791 798 838 est.
815 783 889 838 llam

125 867 190 926 clun
215 868 317 924 virtute
338 869 458 925 militum
477 871 623 928 devicisset
642 871 762 926 hostium
785 869 890 926 exercie

126 961 180 1020 tus,
200 960 307 1012 summai
319 959 444 1030 aequitate
457 975 499 1014 res
511 959 660 1014 coustituit:
672 966 753 1030 utque
770 959 826 1030 ipse
837 959 889 1014 lbi-

125 1043 191 1100 dem
209 1062 321 1102 mouere
341 1048 472 1102 decrerit.
491 1050 559 1102 Erat
575 1048 651 1102 enim
670 1049 743 1102 iuter
763 1063 809 1102 eos
828 1047 890 1116 dig·

126 1133 214 1188 nilute
228 1135 316 1205 regii,
331 1136 456 1206 quamvis
476 1135 587 1189 carebat
606 1134 727 1189 nomine·
754 1149 844 1205 nequae
863 1133 892 1189 id

126 1221 215 1290 ntagis
228 1221 343 1292 imperio
354 1222 550 1292 qudeustitii
568 1229 737 1277 consecutus,
752 1223 850 1292 Neque
859 1224 891 1278 etl

127 1311 213 1365 sociiis
226 1310 450 1380 Atheniensibus,
463 1327 479 1366 a
492 1311 592 1381 quibus
606 1317 665 1366 erat
678 1311 822 1382 proiectus,
836 1312 894 1366 olli.

127 1398 170 1456 cia
188 1399 339 1469 prestabat.
359 1399 467 1469 Quibus
479 1400 561 1454 robus
573 1399 667 1464 flebat,
685 1407 716 1454 ot
731 1413 788 1455 nou
799 1400 892 1456 mindo

125 1501 224 1542 eorum
236 1488 518 1558 voluntateperpetub
531 1487 679 1559 imperium
695 1487 833 1547 obtineret
843 1487 893 1560 qul

125 1575 269 1644 miseruut,
288 1579 373 1648 quim
388 1577 499 1632 illorum
514 1593 578 1633 cum
599 1577 699 1648 ‹pribus
710 1586 773 1639 'erut
784 1579 892 1649 proteo·

130 1665 181 1718 ius.
200 1663 368 1721 Chersoneso
380 1665 425 1721 tali
442 1661 523 1721 modo
532 1668 690 1732 consitum,
704 1669 841 1722 lemnum
851 1683 893 1722 re·

130 1752 256 1820 vertitur,
278 1760 307 1808 et
321 1769 354 1808 ex
368 1761 447 1824 pacto
464 1755 582 1824 postulet
600 1759 631 1808 ut
649 1753 700 1808 sibi
718 1753 817 1810 urbem
836 1759 892 1814 tras

130 1837 207 1894 daut.
221 1840 263 1894 Illi
277 1841 352 1894 euim
369 1841 507 1910 dixerant,
528 1843 591 1897 citm
608 1849 690 1901 vento
707 1839 792 1898 borni
810 1841 894 1896 domo

131 1925 267 1998 pmiect'us
283 1928 505 1998 eopervenlsset,
518 1945 577 1986 sese
590 1931 738 1986 dedituros:
756 1945 785 1984 se
800 1937 894 1984 utitem

127 2013 244 2070 domum
269 2016 431 2074 Chersonesi
448 2015 554 2070 haberi.
572 2018 657 2076 Carae
671 2017 719 2086 qui
738 2023 797 2070 tum
814 2017 896 2070 Lem·

131 2122 201 2160 utrm
224 2105 390 2172 incolebant,
406 2104 458 2160 esti
468 2111 571 2174 practer·
584 2103 748 2175 opinionem,
764 2119 806 2158 res
822 2103 897 2158 oeci·

131 2189 219 2260 derat,
241 2201 345 2259 tamen,
362 2209 418 2248 uou
436 2193 511 2252 dicto
528 2193 575 2248 sed
592 2193 712 2248 secundi
729 2192 838 2250 fortunii
850 2190 896 2245 url-

989 1 994 9 .

890 113 894 122 ,

894 109 937 244 ’ς

938 247 955 278 o,

132 2283 317 2355 vercusiorum
334 2282 562 2354 capti‚,resistere
576 2283 635 2338 ausi
650 2297 707 2337 nou
721 2288 795 2349 eurrt,
816 2287 908 2355 uiuite,

132 2386 166 2426 ox
180 2371 268 2432 insuit
289 2370 490 2442 demigrarunt.
513 2371 574 2426 Pari
595 2371 724 2426 felicitate
743 2378 847 2424 ceterae
860 2370 900 2422 iu·

131 2459 213 2526 ouius,
233 2475 292 2529 quae
309 2459 653 2528 Cycladeovuomiuuutur,
675 2459 725 2513 cub
744 2451 899 2516 Athenieuss

129 2545 206 2602 sium
224 2545 331 2613 redegit
351 2553 521 2614 potestatem.
594 2553 596 2562 ’

171 2634 241 2688 Car.
264 2631 455 2688 utu-Eisdem
481 2630 650 2702 tenporibus
666 2635 821 2688 ÷Perearom
845 2647 897 2690 rex

134 2722 244 2787 Darios,
254 2736 288 2776 ex
298 2719 363 2775 Asia
373 2719 551 2791 indoeopam
563 2721 684 2776 exercitu
700 2723 823 2793 traiecto,
837 2725 900 2796 Scy·

134 2812 189 2867 this
206 2811 310 2866 bellum
334 2809 438 2865 inferre
456 2809 586 2866 decrevit.
607 2813 721 2868 Pontem
737 2813 801 2868 lecit
815 2813 844 2868 in
859 2816 899 2866 is·

134 2908 177 2957 tro
198 2900 323 2966 llomiue,
338 2898 393 2970 qttd
413 2900 505 2972 copias
525 2900 690 2958 traduceret.
713 2902 781 2972 Ejus
798 2900 897 2972 pomis,

135 2989 203 3046 dum
218 2990 275 3061 ipse
285 2989 400 3055 abesset,
411 2990 534 3054 custodes
548 2991 660 3062 reliquit
674 2991 820 3062 principes,
833 3003 903 3058 qrros

134 3089 228 3134 secum
250 3093 283 3134 ex
306 3077 382 3133 Ionia
403 3083 430 3135 et
444 3077 551 3134 AEolide
571 3077 697 3133 duxerat:
725 3073 901 3146 quibussiu·
