2282 3558
156 345 192 408 ex
209 343 281 407 urbe'
292 343 385 408 uurtsul
393 343 498 409 hostem
514 350 601 421 iubet:
614 348 768 421 interrogas
776 351 832 418 nte,
847 357 916 406 nutu

155 437 186 496 iu
197 439 337 496 exsilium?
349 453 404 496 non
416 437 509 509 intrem
520 437 568 494 sed
580 437 602 494 si
611 453 657 494 me
665 435 791 506 eunsnlis,
803 436 913 494 sundeu.

151 533 157 566 ·'
190 527 240 582 Vt.
260 525 333 596 Quid
356 526 443 594 enim,
466 525 594 593 Catilina,
611 531 661 594 est,
681 524 755 596 quud
773 530 801 580 te
814 523 916 593 jemin

153 614 206 670 hue
217 615 287 672 urbe
300 609 437 672 detestare
449 614 546 685 possiti
557 614 588 670 in
605 627 660 684 qne
675 627 758 670 nemu
770 618 819 680 est,
836 618 916 666 extra

149 698 230 756 istam
242 702 460 772 euniurutiunem
471 701 643 772 perditurum
653 700 809 767 huminum,
825 699 915 768 quite

150 801 208 842 nun
221 795 337 844 metuat:
354 803 445 856 nemu,
460 787 508 859 qui
520 803 577 842 nun
594 785 691 840 oderit.
709 788 777 853 Qus·
792 791 856 840 nuta
870 784 916 840 du·

149 867 457 941 mestiueturpitudinis
472 872 632 928 nusinuste
639 869 704 924 uite
716 875 767 926 tue
776 872 827 924 est?
841 869 915 939 qnod

151 954 323 1025 privatarum
348 973 444 1016 rerum
464 955 584 1015 dedecus
602 973 659 1014 nun
678 957 762 1012 heret
781 955 913 1012 irttnmiet

150 1039 211 1112 que
225 1043 309 1098 iibido
326 1044 362 1098 nb
375 1047 469 1114 uentis,
483 1045 557 1116 quud
569 1044 674 1102 fucinus
687 1059 704 1098 a
719 1043 846 1099 munibus
857 1056 915 1098 nm·

151 1129 239 1200 qnam
257 1130 320 1198 tuis,
341 1131 415 1202 quud
427 1131 568 1202 ‘flagitium
585 1145 602 1186 a
618 1138 675 1186 totu
688 1143 801 1200 rnrpure
813 1127 914 1184 abfuit?

149 1216 195 1271 uui
216 1223 246 1272 tu
266 1217 477 1283 adulescentulo,
500 1233 583 1290 quem
596 1218 813 1290 corruptelarum
828 1216 914 1272 iiteee·

148 1302 207 1358 bru
222 1303 363 1374 irretisses,
383 1303 440 1362 nun
454 1313 503 1363 eut
514 1307 549 1362 sd
568 1306 714 1363 sudreiam
733 1306 848 1374 ferrum,
864 1310 913 1361 unt

149 1390 184 1447 ad
202 1391 346 1449 libidinem
364 1390 451 1451 ieuem
468 1394 620 1468 praetniisti?
631 1394 705 1466 Quid
720 1399 798 1452 veru?
810 1409 910 1465 nuper,

150 1491 240 1549 quum
259 1488 348 1537 morte
364 1483 511 1554 superioris
524 1484 624 1540 uxoris
638 1482 718 1540 nubis
739 1481 843 1556 nuptiis
861 1481 913 1536 du·

147 1581 226 1622 mum
244 1569 446 1641 vacuefecisses,
467 1589 559 1630 norme
575 1573 659 1629 etiem
681 1571 735 1627 etio
755 1567 912 1627 inuredibili

146 1649 315 1712 suetere'huu
327 1659 414 1714 susim
429 1657 588 1714 unmtrtestit
596 1656 672 1726 quud
685 1669 736 1724 ego
746 1653 911 1724 pretermit-

145 1737 183 1808 te,
206 1748 235 1796 et
251 1743 331 1798 istite
347 1744 434 1813 pntiur
448 1744 532 1813 sitem,
549 1759 585 1798 ne
600 1742 632 1797 in
646 1741 699 1798 hun
712 1739 825 1796 uivitnte
838 1737 911 1793 tenti

146 1822 276 1882 intineris
285 1829 443 1884 immanitas
458 1839 507 1885 ent
520 1830 667 1897 exstitisse,
684 1835 734 1883 aut
747 1843 804 1884 nun
817 1825 911 1882 vindi·

148 1919 211 1970 uste
233 1927 291 1968 esse
310 1911 446 1968 videatur.
470 1915 652 1970 Pretermitto
675 1915 770 1970 ruinas
787 1916 912 1969 turtune-

144 2015 211 2056 rnm
232 2006 356 2068 tuarum,
373 2014 440 2070 ques
454 2012 550 2057 omnes
570 2000 731 2069 impendere
752 2000 801 2053 tibi
818 1999 911 2067 proxi·

144 2089 201 2144 mis
217 2085 308 2143 idibus
324 2087 433 2144 senties:
449 2087 485 2144 ed
500 2087 545 2144 ills
563 2085 653 2155 venio,
667 2099 728 2157 que
740 2101 796 2143 non
807 2084 842 2140 ad
858 2086 911 2155 pri·

143 2185 237 2233 rutum
253 2175 434 2248 ignominiam
452 2177 583 2234 vitiorum
604 2183 724 2246 tuorum,
745 2193 801 2234 nun
815 2175 850 2232 ud
865 2174 910 2232 du·

143 2267 285 2324 mestiuum
298 2272 375 2322 tunm
386 2266 576 2326 difficultatem
589 2281 622 2322 ue
634 2266 844 2338 turpitudinem,
859 2265 908 2322 sed

144 2355 179 2412 nd
198 2345 337 2412 summum
355 2355 520 2426 reipubttuae,
542 2363 625 2427 atque
645 2354 681 2410 ed
705 2355 832 2415 omnium
845 2369 909 2411 nus-

143 2449 219 2498 trum
238 2443 326 2498 ritem
345 2445 515 2516 salutemque
530 2443 681 2514 pertinent.

146 2521 151 2570 ἶ
179 2531 306 2584 Potestne
325 2530 375 2585 tibi
394 2532 477 2602 hujus
491 2530 624 2596 vitreium
644 2529 773 2595 Cutilinu,
792 2533 840 2581 eut
852 2527 907 2584 hn-

140 2618 187 2687 jns
206 2615 266 2672 uoeti
279 2615 388 2687 spiritus
408 2633 466 2673 esse
481 2615 629 2686 jucundus,
649 2627 736 2686 quum
757 2611 835 2681 seius,
854 2613 905 2670 hu·

143 2717 209 2757 rum
232 2715 292 2758 esse
311 2703 462 2772 neminem,
478 2702 526 2774 qui
540 2701 652 2771 nectet,
668 2707 696 2757 te
709 2699 798 2774 pridie
812 2701 907 2759 keten·

143 2786 192 2842 das
214 2787 274 2858 jun.
298 2788 401 2860 Lepido
419 2796 447 2845 et
464 2789 545 2844 Tuiln
565 2788 730 2861 consulibus,
754 2789 858 2848 stetisse
874 2789 906 2846 in

142 2875 254 2932 eumitiu
277 2893 342 2934 eum
359 2879 426 2933 teto?
446 2890 570 2950 munitm,
594 2881 738 2936 uunsnlum
755 2884 783 2934 et
800 2874 904 2949 prinei·

141 2977 211 3035 pum
230 2963 347 3022 civitatis
365 2964 620 3023 interficiendorum
642 2981 734 3035 ceusu,
753 2964 904 3034 paravisse?

138 3051 237 3111 seeteri
253 3067 286 3111 au
301 3051 389 3112 tnruri
398 3059 445 3110 tuu
455 3067 512 3114 non
524 3059 649 3113 mentem
665 3053 795 3122 suppum,
812 3053 860 3106 sut
871 3045 906 3120 fif
