2282 3558
144 314 900 362 m.

318 511 358 618 l.
381 509 484 618 llll
529 506 722 616 lllllll

416 765 625 810 oonnnrturun

368 843 417 898 EX
430 843 540 899 LIBRO
551 839 668 898 PRIMO

144 971 146 980 ι
446 937 538 986 cn.
556 947 594 986 x·

145 1047 148 1053 ι
175 1019 247 1074 Con.
268 1016 436 1074 r.-Litteris
449 1015 563 1072 aFabio
578 1017 611 1071 C.
626 1011 903 1072 casarisoonsulibus

139 1104 264 1172 redditis,
286 1106 356 1175 agere
376 1105 412 1159 ab
426 1103 460 1158 iis
473 1103 651 1173 impetratum
663 1107 714 1168 est,
730 1100 838 1154 summa
852 1097 904 1152 tri·

139 1191 279 1247 bonorum
299 1189 384 1263 plebis
399 1187 585 1257 contentione,
607 1195 639 1243 nt
657 1187 793 1244 insertato
809 1183 905 1242 recita·

138 1286 246 1336 rentur.
260 1280 298 1336 Ut
308 1279 373 1336 vero
387 1294 421 1336 ex
435 1277 532 1334 litteris
549 1277 584 1334 ad
598 1283 724 1333 senatum
739 1273 900 1341 referretur,

137 1363 286 1436 impetrare
298 1381 355 1422 non
372 1364 469 1438 potant.
487 1365 625 1422 Referunt
638 1361 805 1421 consulesne
819 1376 902 1433 repu-

137 1451 210 1508 blioi
229 1453 394 1512 incivitate.
416 1457 448 1512 L.
466 1455 598 1512 Lentulus
619 1453 717 1510 consul
727 1449 835 1509 senatui
846 1449 902 1506 rei-

137 1555 194 1612 que
214 1541 328 1613 publice
340 1558 436 1599 senon
456 1542 617 1600 defuturum
635 1540 788 1615 pollicetur,
807 1539 832 1596 si
850 1555 903 1596 au·

136 1627 233 1686 dacter
250 1646 283 1686 ac
299 1630 407 1687 fortiter
420 1630 568 1687 sententias
580 1630 673 1687 dicere
686 1628 781 1684 velint:
797 1627 904 1684 sinGae·

139 1731 230 1794 sarem
247 1717 405 1790 respiciant,
425 1723 507 1790 atquc
525 1719 585 1790 ejus
601 1716 720 1788 gratiam
739 1720 901 1785 sequantur,

138 1808 171 1858 nt
191 1804 379 1875 superioribus
392 1806 508 1862 iecerint
520 1805 699 1878 temporibus,
717 1819 746 1861 se
760 1801 811 1860 sibi
833 1817 900 1859 con-

138 1888 231 1946 silinm
255 1898 412 1960 captorum,
431 1907 523 1962 neque
542 1893 651 1947 senatis
670 1888 828 1948 auctoritati
850 1888 901 1944 ob·

143 1983 373 2048 temperaturum:
387 1977 491 2032 babere
506 1992 535 2032 se
546 1993 655 2047 quoque
668 1978 704 2032 ad
717 1975 829 2032 casaris
840 1989 903 2044 gra·

141 2065 210 2122 tiam
222 2072 306 2136 atquo
319 2063 469 2122 amicitiam
487 2065 635 2136 receptam.
655 2068 689 2121 In
705 2062 831 2122 camdem
845 2077 904 2122 seu-

137 2153 254 2210 tentiam
271 2153 393 2226 loquitur
410 2153 512 2226 Scipio,
533 2153 662 2226 Pompeio
678 2169 735 2212 esse
757 2152 787 2210 in
809 2151 902 2210 animo
1019 2211 1022 2218 ,

136 2242 294 2314 reipublice
312 2258 368 2300 non
384 2241 486 2313 deesse,
512 2242 535 2300 si
559 2249 670 2300 senatus
693 2249 837 2316 sequatur:
860 2241 905 2300 sin

137 2338 292 2400 cunctetur,
305 2337 388 2404 atque
402 2338 465 2404 agat
475 2331 575 2401 lenius,
589 2331 781 2406 nequidquam
789 2335 848 2403 ejus
857 2349 905 2388 au·

137 2418 244 2490 xillum,
264 2420 288 2476 si
308 2426 400 2492 postea
417 2419 492 2488 velit,
515 2420 737 2493 imploraturum.
757 2424 822 2478 llaec
843 2418 904 2477 Sei·

139 2505 230 2578 pionis
251 2507 347 2579 oratio,
371 2508 448 2582 quoti
467 2515 577 2566 senatus
595 2509 628 2566 in
652 2510 721 2566 urbe
738 2509 902 2579 habebatur,

142 2596 340 2670 Pompeiusque
357 2598 462 2668 aderat,
477 2614 512 2654 ex
531 2597 615 2670 ipsius
632 2613 680 2654 ore
691 2597 814 2670 Pompeii
828 2598 904 2660 mitti

138 2682 298 2741 videbatur.

172 2774 243 2830 Cau.
259 2773 442 2831 n.-uixerat
456 2773 554 2846 aliquis
569 2772 704 2830 leniorem
722 2776 897 2844 sententiam,

137 2855 900 2933 ntpriinbll.Marcellns3ingrcssusineamoratiooem,

137 2964 195 3006 non
207 2957 351 3022 opportere
369 2956 433 3008 ante
450 2950 486 3008 de
506 2948 647 3023 republica
667 2950 702 3006 ad
720 2956 847 3007 senatum
859 2961 904 3001 re·

139 3038 216 3111 terri,
232 3041 318 3112 quim
329 3039 449 3100 delectus
469 3041 526 3096 toto
542 3037 621 3096 Italia
637 3036 735 3108 habiti,
755 3043 783 3093 et
797 3031 901 3112 exerci-
