2282 3558
307 297 323 324 .
439 215 600 296 μμ).-

104 397 105 400 ,
136 369 215 425 eures
243 356 458 429 diligentissime.
481 359 555 414 Nam
573 357 642 414 milri
665 363 693 414 et
716 357 848 431 scriptum
868 370 896 419 et

32 478 35 486 ·
135 446 283 504 multatum
295 453 344 518 est,
360 452 388 503 tc
399 445 429 503 in
448 446 547 504 icbrim
558 446 648 502 subito
666 444 802 503 incidisse.
815 449 896 517 Quod

110 532 260 591 celeriter
274 549 320 591 me
335 533 422 592 iecisti
441 533 478 592 de
496 533 609 591 caseus
621 532 718 593 litteris
737 534 893 605 certiorem,

14 674 33 700 Ι,
58 647 60 652 ·
89 621 107 696 J'
129 607 301 704 'lecistimihi
324 631 444 696 gratum
466 625 538 680 item
556 623 677 696 posthac,
696 622 719 679 si
739 622 806 696 quid
828 640 896 696 opus

72 748 75 754 -
132 710 195 782 crit,
213 710 236 767 si
256 710 324 784 quid
338 711 469 769 acciderit
486 710 562 779 nori,
580 711 671 783 iacies,
687 718 718 767 ut
728 710 822 768 sciam.
836 714 894 770 Cu·

133 811 176 867 ra,
198 804 229 853 nt
249 799 349 855 valeas.
369 801 448 858 Vale.
471 803 506 859 D.
522 801 563 860 vl
575 815 662 856 nonas
681 801 747 854 tun.

168 885 295 942 lin-nl.
316 888 350 942 Τ.
366 888 399 944 G.
414 889 448 956 Q.
461 886 587 958 Philippo
604 889 711 944 Pronus.
722 887 752 944 S.
762 887 895 945 n-utsi

131 985 190 1030 non
206 973 312 1044 dubito,
336 989 386 1045 pro
406 981 454 1030 tua
476 973 507 1029 in
526 989 572 1029 me
591 975 895 1048 observantiamque

133 1065 227 1118 nostra
235 1060 434 1129 necesstudinc,
446 1060 515 1130 quia
524 1059 791 1116 commendationem
802 1077 894 1118 meam

130 1147 267 1204 memoria
283 1154 384 1204 leneas:
401 1151 493 1202 tamen
515 1143 599 1200 etiam
616 1151 699 1217 atqtm
718 1143 802 1202 etiam
813 1161 893 1225 enm·

130 1234 196 1292 dena
213 1234 263 1291 tibi
276 1237 307 1292 L.
327 1233 460 1306 Oppium,
476 1227 640 1290 familiarem
652 1250 757 1306 meum,
774 1251 891 1308 praesen·

130 1330 197 1394 lem,
218 1329 246 1380 et
265 1325 296 1379 L.
312 1322 435 1394 Egnatii,
459 1321 665 1380 familiarissimi
683 1323 750 1394 mei,
773 1325 893 1382 absentis

129 1410 242 1483 negotia
259 1411 430 1470 commendo.
452 1414 543 1472 Tanta
556 1412 625 1468 mihi
643 1427 707 1469 eum
726 1428 760 1470 eo
774 1412 891 1472 necessi·

130 1500 197 1560 tudo
211 1507 261 1571 est,
281 1507 321 1571 nt,
340 1499 363 1558 si
377 1516 439 1556 mea
455 1516 499 1557 res
514 1507 593 1571 esset,
608 1516 665 1558 nnn
676 1501 764 1573 magis
782 1502 891 1560 lanera·

127 1604 197 1646 rem.
214 1593 386 1663 Quapropter
396 1589 583 1661 gratissimum
593 1589 663 1646 milri
676 1589 782 1660 leceris,
799 1589 822 1646 si
839 1605 889 1646 cu·

128 1678 207 1750 raris,
219 1679 281 1736 ntis
293 1677 495 1750 intelligamus
506 1680 522 1734 a
534 1684 679 1736 tetrarum
693 1676 790 1747 amari,
805 1691 892 1748 quen·

129 1770 189 1822 tum
208 1766 266 1838 ipse
285 1765 419 1824 existimo.
437 1769 497 1823 lioc
509 1765 578 1824 mihi
593 1765 698 1838 gratilla
712 1765 803 1823 lacera
818 1763 890 1822 nibil

128 1859 214 1923 potem
230 1852 313 1922 idque
322 1860 354 1910 ut
366 1853 459 1921 incias,
471 1861 499 1909 te
511 1854 690 1910 vehementer
703 1868 780 1924 rogo.

164 1939 278 1995 x.-tt.
305 1941 339 1994 Τ.
362 1941 394 1994 C.
412 1939 533 1994 Thermo
546 1941 642 2008 Propr.
668 1941 697 1993 S.
721 1942 889 2008 D.-Qnum

127 2027 216 2086 multa
230 2024 299 2082 mibi
319 2029 397 2096 grata
413 2030 487 2093 sunt,
500 2038 559 2094 quae
579 2030 610 2080 tu
622 2022 755 2080 adductus
768 2039 831 2082 men
841 2040 889 2080 co·

125 2113 336 2172 mmcndatione
345 2111 441 2180 lecisti;
452 2118 512 2167 tum
520 2109 551 2168 in
563 2109 667 2182 primis,
679 2110 753 2182 quud
767 2112 806 2168 ll.
819 2112 890 2168 llar-

124 2201 231 2270 cilium,
248 2200 329 2256 amici
342 2205 425 2270 atque
435 2197 592 2270 interpretis
606 2197 662 2255 mei
676 2197 775 2269 *lilium
787 2198 888 2258 libera·

124 2290 226 2349 lissime
240 2287 399 2347 tractavisti.
415 2286 500 2345 Venit
515 2286 591 2346 enim
609 2286 781 2356 Laodiceam,
796 2294 826 2344 et
836 2287 888 2346 tibi

125 2377 200 2450 apud
208 2393 264 2447 mc,
275 2375 399 2447 mihique
407 2382 518 2447 pmpter
528 2381 555 2432 te
565 2374 668 2447 gratias
676 2375 809 2431 maximas
818 2375 884 2447 egit.

124 2467 229 2534 Quare,
245 2464 319 2535 quod
337 2462 476 2534 reliquum
488 2469 538 2533 ost,
550 2465 602 2520 alte
612 2470 684 2536 peto,
692 2462 804 2534 qnando
812 2462 888 2533 apud

124 2557 217 2624 gratos
235 2551 360 2609 homiues
373 2551 541 2608 beneficium
560 2551 648 2623 ponis,
665 2558 697 2606 nt
710 2567 743 2606 eo
756 2549 886 2608 libentius

123 2639 169 2696 liis
177 2640 340 2710 commodes,
352 2654 520 2712 operamque
532 2638 590 2708 des,
601 2638 691 2711 quoad
701 2638 768 2698 tides
778 2645 825 2696 ttta
835 2656 885 2712 pa·

123 2726 218 2799 lictor,
231 2735 361 2786 utsocrus
369 2726 546 2786 adolescentis
554 2743 602 2784 rea
613 2742 649 2784 ne
659 2727 717 2784 liat.
728 2729 788 2800 Ego
797 2744 886 2802 quum

123 2824 206 2874 antea
230 2816 349 2874 studiose
375 2815 603 2874 commendabam
629 2815 797 2886 Marcilium,
824 2823 886 2872 turn

123 2905 212 2960 anullo
229 2921 305 2962 nunc
323 2905 477 2975 studiosius,
499 2903 572 2976 quod
584 2903 703 2976 inlonga
715 2904 885 2976 apparitione

122 2993 293 3063 singularem
313 2999 341 3050 ct
362 3009 446 3065 prope
464 2992 654 3050 incredibilem
667 2992 752 3062 patris
769 2988 886 3046 Marcilii

124 3080 218 3152 luem,
229 3079 433 3151 abstinentiam,
442 3079 658 3150 modestiamque
667 3077 792 3148 cognovi.
803 3076 881 3137 Vale.
