2284 3558
530 153 716 240 -tru-

239 315 316 369 Dura
327 304 456 372 valetudo
470 299 611 366 inciderit,
623 313 675 354 seu
686 293 765 351 urta
777 299 918 352 seneuus?

241 396 399 456 Rancidum
410 405 509 464 aprum
521 386 628 458 antiqui
640 384 806 454 inundabunt,
818 399 877 440 nun
886 385 952 457 quie
964 400 1022 443 na.

878 528 881 533 .
922 495 926 502 ·
964 489 1016 528 sus

242 574 301 633 Illis
310 573 400 630 nulius
409 575 479 636 erat3
487 565 544 635 sed,
556 562 648 630 eredo,
656 563 709 618 hae
717 567 821 630 mente,
834 561 908 632 quud
916 562 1020 634 hospes

243 662 364 718 Tardius
373 655 532 720 adveniens,
545 651 674 706 vitiatum
685 648 854 704 uommnditis
865 650 952 720 quim

245 755 391 822 integrum
405 745 475 802 edax
491 739 619 797 domiuus
632 737 817 794 consumeret.
834 735 1020 793 Hosutinem

939 825 1022 880 inter

245 932 354 985 *Heroas
368 931 465 980 natum
478 921 555 976 teilus
565 933 610 974 me
621 916 715 988 primu¹
723 915 838 971 tulisset!

247 1019 302 1073 Das
317 1013 424 1085 aliquid
437 1013 525 1076 ierne,
541 1023 600 1078 quae
614 1005 738 1060 carmine
751 1002 854 1074 gratior
870 1016 969 1057 eurem

246 1107 370 1174 Occupat
381 1100 546 1156 humanam?
560 1092 679 1165 grandes
693 1092 803 1148 rhombi
815 1091 974 1162 patinaeque

249 1191 363 1250 Grande
378 1192 472 1245 ierunt
483 1187 538 1242 unti
551 1199 614 1238 uum
630 1183 733 1237 demun
744 1180 874 1236 dedecus.
883 1177 969 1234 *Ante

247 1283 354 1336 Iratum
363 1285 505 1347 patruum,
519 1273 634 1340 vicinos,
652 1279 679 1327 te
689 1271 739 1326 tibi
756 1268 896 1338 iniquum,

244 1368 289 1422 tut
301 1366 402 1420 frustra
414 1361 510 1420 mortis
518 1359 659 1432 cupidum,
676 1359 739 1414 cum
748 1355 835 1411 deerit
850 1353 943 1425 egenti
1002 1378 1007 1386 ·

250 1455 309 1519 AEs,
323 1450 412 1522 iaquei
423 1449 551 1520 pretium.
567 1449 599 1502 «J
601 1462 660 1512 ure,
672 1443 771 1515 inquit,
783 1441 898 1498 Trasius
909 1439 967 1496 istis

252 1543 388 1611 iurgatur
399 1537 499 1592 uerbis:
512 1549 562 1606 ego
574 1533 716 1604 vectigalia
725 1547 835 1601 magna,

256 1629 427 1699 Divitiesque
435 1627 524 1681 haben
535 1623 624 1678 tribus
637 1619 886 1692 umplesregihusm
899 1619 973 1687 Ergo

252 1719 332 1790 Quod
346 1723 466 1788 superet,
479 1721 582 1770 nonest
595 1711 695 1766 meiius
705 1725 758 1780 quo
767 1708 906 1762 insumere
918 1704 1020 1776 possis?

252 1809 311 1864 Cur
323 1812 383 1874 eget
392 1803 523 1873 indignus
532 1801 688 1872 quisquam,
700 1792 728 1852 t'e
737 1797 836 1883 uiuite?
849 1797 940 1864 Quare

251 1894 366 1964 Templa
378 1898 464 1948 ruunt
478 1889 592 1960 entique
604 1888 702 1943 deum?
716 1888 784 1951 Cur,
798 1883 932 1954 improbe,
948 1893 1018 1937 esrae

248 1985 312 2040 Non
330 1981 433 2054 eiiquid
444 1979 539 2053 petrin,
549 1985 625 2033 muto
636 1975 758 2032 emetiris
769 1977 882 2029 ecerru?

169 2117 173 2124 .
248 2071 304 2127 Uni
315 2071 449 2126 uimirum
462 2071 537 2126 reete
551 2063 724 2134 tinisemqer
736 2068 820 2117 erunt
836 2065 893 2116 resi

252 2161 277 2216 0
290 2175 406 2229 maguus
419 2158 531 2229 posthae
546 2152 664 2210 inirnieis
673 2151 753 2206 risus!
766 2153 875 2205 Uterne

249 2247 295 2304 nd
309 2263 386 2302 cesus
399 2246 496 2298 dubios
509 2245 577 2298 fidet
588 2241 642 2298 sibi
656 2237 769 2295 certius?
779 2236 832 2302 hic,
849 2235 897 2306 qui

250 2333 381 2392 Pluribus
395 2332 510 2388 assuerit
521 2339 652 2394 mentem,
669 2338 820 2394 corpusque
832 2321 999 2391 superbum?

255 2422 302 2476 An
314 2421 371 2492 qui,
384 2426 528 2476 contentus
539 2433 633 2490 parvo,
647 2421 826 2482 metuensque
836 2407 935 2478 futuri,

251 2511 286 2564 In
297 2503 420 2580 parent
431 2507 548 2578 sepiens,
559 2503 664 2576 'aptarit
674 2502 773 2558 idonea
784 2499 869 2554 belloi

253 2599 314 2668 Qun
324 2599 412 2670 magis
423 2597 469 2652 his
479 2595 583 2663 credes,
593 2604 664 2664 puer
677 2593 817 2661 hunu‘ego
830 2597 929 2660 pervus
939 2585 1017 2643 Oisi-

590 2715 593 2722 .
958 2673 1018 2726 lum

253 2771 371 2840 Integris
381 2769 478 2838 opibus
489 2767 554 2822 novi
564 2783 620 2824 non
629 2769 711 2825 letius
720 2783 812 2836 usum,

253 2860 345 2927 Quum
359 2869 434 2912 nunc
446 2854 548 2910 accisis.
560 2855 778 2914 Videasmetato
791 2856 822 2910 in
832 2852 919 2923 agelio

253 2947 327 3000 Cum
335 2957 434 3014 pecore
444 2946 473 2994 et
483 2941 576 3010 gnatis
587 2943 686 3000 fortem
696 2939 828 3000 mercede*
836 2934 970 3006 colonum

255 3034 335 3094 rNun
344 3045 395 3104 ego
406 3033 576 3101 narrantem,
588 3033 692 3091 temere
702 3030 749 3090 edi
761 3033 822 3090 lune
835 3028 952 3104 proiestt
