2282 3558
384 237 386 244 >
427 159 679 285 499-ss-

124 349 205 409 oilia'a
230 349 293 406 oum
307 349 421 407 Cosam
437 350 579 426 gerebam,
593 301 766 436 eugamina·
759 365 787 406 m
808 347 888 408 sena·

125 448 197 509 tum,
218 453 336 511 qttorum
349 438 460 494 vocibus
473 445 502 494 et
514 436 648 501 tantumn
660 429 801 494 terrentur·
811 437 890 494 infir·

125 528 237 596 naiores,
252 527 330 584 dtrbil
343 526 555 595 ιιιιιιῐίιιιιιιιιιιι,Ι
568 525 708 599 plerisque
723 527 789 582 aero
803 527 890 584 libert

125 616 432 689 potestaa‘deoarnendl
457 614 582 686 eripitur„
608 617 754 672 Polltoetur
773 617 804 671 L.
828 616 890 673 Piso

124 719 233 774 oenaor,
255 719 312 761 sese
326 706 432 761 iturum
444 705 479 760 ad
491 708 634 772 casatam
650 705 718 760 item
729 707 759 760 L.
775 705 891 761 Roscius

125 802 237 866 prator,
259 793 307 864 qui
326 794 361 849 de
376 793 420 849 his
440 793 524 849 rebus
540 807 605 849 eum
621 793 746 848 doceant.
765 794 818 848 Sex
830 793 891 848 dien

125 881 165 937 ati
176 895 239 936 aam
250 889 310 936 rem
323 871 528 938 conficiendam
536 881 615 951 spatii
628 881 772 952 postulant.
790 879 892 938 Diuum

127 976 175 1023 tur
187 970 273 1025 etiam
284 972 300 1024 a
310 970 448 1025 nonnullis
460 969 611 1036 sententia,
623 977 655 1022 ut
668 969 749 1038 legati
760 969 796 1022 ad
807 971 893 1024 casa·

127 1069 192 1113 tem
208 1057 362 1124 mittantur,
383 1057 432 1128 qui
452 1057 621 1110 voluntatem
637 1057 746 1109 senatus
760 1055 786 1108 ei
800 1068 893 1124 propo·

126 1152 210 1201 nant.
224 1144 362 1202 Omnibus
383 1143 426 1199 lais
446 1140 590 1209 reaistltum
608 1141 791 1214 omnibusque
805 1141 893 1198 oratio

128 1233 257 1301 consulis,
270 1221 411 1303 Scipionis,
417 1230 692 1314 Catonisopponitur
701 1233 837 1287 Catonem
848 1245 894 1286 vo-

129 1327 201 1378 teres
220 1307 373 1376 inimicitia
388 1320 495 1378 Cesaris
511 1319 635 1388 incitant
660 1327 688 1376 et
705 1320 782 1376 dolor
798 1321 891 1392 repul·

114 1417 172 1465 's'm
188 1411 322 1466 Lentulus
333 1410 392 1465 aeris
404 1409 487 1465 alieni
502 1408 702 1478 magnitudine,
719 1415 747 1464 et
756 1423 802 1479 spe
815 1423 894 1466 exer·

129 1490 210 1564 ailus,
236 1511 267 1552 ae
290 1491 505 1568 provinciarum,
527 1503 555 1551 et
576 1511 693 1567 regnum
717 1496 891 1566 appellando·

130 1601 194 1641 rum
204 1586 393 1658 largitionibus
403 1573 631 1656 moreturz'aeque
642 1586 760 1638 alterum
770 1586 827 1640 lora
835 1586 891 1654 Syl·

129 1675 186 1728 lam
202 1674 276 1730 inter
292 1689 352 1730 suos
366 1674 511 1745 gloriatur,
530 1673 564 1727 ad
581 1687 664 1742 quem
681 1685 789 1726 samma
810 1671 894 1740 impe·

131 1762 167 1815 aii
191 1763 294 1817 redeat.
322 1761 479 1832 Scipionem
496 1761 593 1816 eadem
616 1773 676 1830 spes
692 1758 837 1830 pmvluoia
857 1764 893 1814 at·

132 1861 187 1918 que
202 1848 371 1902 exercituum
381 1847 505 1916 impellit,
517 1863 583 1916 quos
593 1863 621 1900 se
630 1863 680 1916 pro
692 1847 895 1902 necessitudine

133 1934 302 2008 partiturum
317 1949 380 1986 eum
399 1933 527 2000 Pompeio
544 1933 702 1986 arbitratur:
724 1933 804 1988 simul
821 1934 895 2001 Judi·

132 2024 241 2078 ciorum
264 2027 363 2086 metm,
382 2018 512 2084 adulatio
530 2023 611 2087 atque
627 2018 773 2072 ostentatio
795 2018 847 2086 sui,
868 2026 899 2074 et

134 2109 299 2210 potentium,
319 2107 367 2178 qui
385 2107 415 2162 in
430 2105 570 2176 republica
582 2103 751 2176 judiciisque
760 2112 824 2166 tum
839 2107 896 2177 pla-

132 2197 238 2252 rimirm
254 2179 397 2267 pollebant.
415 2197 475 2265 lpse
495 2193 637 2264 Pompeius
657 2194 692 2250 ab
712 2194 898 2253 inimieisCae¹

133 2283 201 2338 naris
216 2283 353 2350 incitatum
367 2289 395 2336 et
414 2271 487 2352 qarod
500 2282 641 2336 nominem
654 2280 790 2352 dignitate
802 2297 896 2338 seeum

135 2371 270 2442 exaequari
285 2371 400 2437 volebat,
422 2377 509 2425 totum
526 2386 554 2425 se
565 2373 601 2425 ab
616 2373 675 2456 ajus
686 2371 807 2427 amicitia
819 2379 897 2428 aver

134 2463 215 2528 terat,
228 2464 256 2516 et
267 2463 333 2516 oum
349 2447 559 2515 eommunibns'
551 2460 669 2515 mimicis
684 2461 713 2514 in
725 2459 843 2530 gratiam
853 2475 898 2515 re
976 2447 977 2450 ¹

136 2535 235 2614 dierat,
252 2563 369 2617 quorum
386 2547 442 2618 ipse
457 2547 609 2602 maximam
626 2551 735 2616 partem
747 2546 797 2600 illo
810 2545 898 2602 alfini-

135 2634 200 2688 tatis
221 2639 342 2706 tempore
361 2633 654 2706 adjunxeratGaesari.
678 2633 766 2689 Simul
783 2633 897 2694 inlamit

136 2721 255 2778 duarum
266 2721 405 2794 legionum
418 2729 566 2794 permotus,
580 2737 647 2794 quas
659 2723 694 2776 alr
705 2721 804 2780 itinere
815 2725 895 2793 Asia,

137 2812 274 2883 Syriaeque
289 2812 323 2866 ad
340 2827 417 2867 suam
433 2811 583 2882 potentiam
593 2809 822 2883 dominatumque
836 2827 899 2867 con·

136 2903 267 2968 uerterat,
289 2903 347 2954 tem
367 2898 402 2952 od
421 2913 498 2954 arnna
516 2898 615 2953 deduci
636 2898 772 2954 studebat.

171 2991 244 3044 Car.
267 2985 393 3043 ιιι-Εἰς
410 2986 446 3040 de
469 2985 556 3041 causis
575 2992 696 3054 aguntur
720 2981 814 3038 omnia
834 2993 897 3049 rap·

140 3075 212 3147 tims
224 3079 305 3147 atque
325 3075 443 3142 turbato
464 3081 554 3143 araquio
575 3070 691 3128 docendi
706 3065 821 3128 cataro
835 3083 899 3140 pro·
